
<record xmlns='http://www.loc.gov/MARC21/slim'><leader>01497cjm a2200445Ia 4500</leader><controlfield tag='005'>20170825213517.0</controlfield><controlfield tag='007'>sd fsngnn---eu</controlfield><controlfield tag='008'>020215p20022001caujzn              eng d</controlfield><controlfield tag='001'>991035584319703811</controlfield><datafield ind1='1' ind2='0' tag='024'><subfield code='a'>093624802525</subfield></datafield><datafield ind1='0' ind2='2' tag='028'><subfield code='a'>9 48025 2</subfield><subfield code='b'>Warner Bros.</subfield></datafield><datafield ind1='0' ind2='0' tag='033'><subfield code='a'>2001----</subfield></datafield><datafield ind1=' ' ind2=' ' tag='035'><subfield code='a'>(PPT)b2672473x-01tuli_inst</subfield></datafield><datafield ind1=' ' ind2=' ' tag='035'><subfield code='a'>(OCoLC)ocn489512316</subfield><subfield code='9'>ExL</subfield></datafield><datafield ind1=' ' ind2=' ' tag='035'><subfield code='a'>ocm49015251 </subfield></datafield><datafield ind1=' ' ind2=' ' tag='035'><subfield code='a'>ocm49015251</subfield></datafield><datafield ind1=' ' ind2=' ' tag='035'><subfield code='a'>(OCLC)ocm49015251</subfield></datafield><datafield ind1=' ' ind2=' ' tag='040'><subfield code='a'>JED</subfield><subfield code='c'>JED</subfield><subfield code='d'>SVP</subfield><subfield code='d'>OMP</subfield></datafield><datafield ind1=' ' ind2=' ' tag='049'><subfield code='a'>TEUU</subfield></datafield><datafield ind1=' ' ind2=' ' tag='079'><subfield code='a'>ocm49015251</subfield></datafield><datafield ind1=' ' ind2=' ' tag='099'><subfield code='a'>BB 4-2 Warner Bros 9 48025 2</subfield></datafield><datafield ind1='2' ind2=' ' tag='110'><subfield code='a'>Pat Metheny Group.</subfield></datafield><datafield ind1='1' ind2='0' tag='245'><subfield code='a'>Speaking of now</subfield><subfield code='h'>[sound recording] /</subfield><subfield code='c'>Pat Metheny Group.</subfield></datafield><datafield ind1=' ' ind2=' ' tag='260'><subfield code='a'>Burbank, CA :</subfield><subfield code='b'>Warner Bros.,</subfield><subfield code='c'>p2002.</subfield></datafield><datafield ind1=' ' ind2=' ' tag='300'><subfield code='a'>1 sound disc (71 min.) :</subfield><subfield code='b'>digital ;</subfield><subfield code='c'>4 3/4 in.</subfield></datafield><datafield ind1=' ' ind2=' ' tag='306'><subfield code='a'>011110</subfield></datafield><datafield ind1='0' ind2=' ' tag='511'><subfield code='a'>Pat Metheny Group (Pat Metheny, Lyle Mays, Steve Rodby, Richard Bona, Cuong Vu, Antonio Sanchez).</subfield></datafield><datafield ind1=' ' ind2=' ' tag='500'><subfield code='a'>Compact disc.</subfield></datafield><datafield ind1=' ' ind2=' ' tag='500'><subfield code='a'>Programs notes (12 p.) inserted.</subfield></datafield><datafield ind1=' ' ind2=' ' tag='518'><subfield code='a'>Recorded at Right Track Studio, New York City, 2001.</subfield></datafield><datafield ind1='0' ind2='0' tag='505'><subfield code='t'>As it is --</subfield><subfield code='t'>Proof --</subfield><subfield code='t'>Another life --</subfield><subfield code='t'>The gathering sky --</subfield><subfield code='t'>You --</subfield><subfield code='t'>On her way --</subfield><subfield code='t'>A place in the world --</subfield><subfield code='t'>Afternoon --</subfield><subfield code='t'>Wherever you go.</subfield></datafield><datafield ind1=' ' ind2='0' tag='650'><subfield code='a'>Jazz</subfield><subfield code='y'>2001-2010.</subfield></datafield><datafield ind1='1' ind2=' ' tag='700'><subfield code='a'>Metheny, Pat.</subfield></datafield><datafield ind1='1' ind2=' ' tag='700'><subfield code='a'>Mays, Lyle.</subfield></datafield><datafield ind1=' ' ind2=' ' tag='902'><subfield code='a'>140609</subfield></datafield><datafield ind1=' ' ind2=' ' tag='907'><subfield code='a'>.b2672473x</subfield><subfield code='b'>multi</subfield><subfield code='c'>-</subfield></datafield><datafield ind1=' ' ind2=' ' tag='945'><subfield code='l'>pstk </subfield><subfield code='g'>1</subfield></datafield><datafield ind1=' ' ind2=' ' tag='945'><subfield code='l'>mupll</subfield><subfield code='g'>1</subfield></datafield><datafield ind1=' ' ind2=' ' tag='979'><subfield code='a'>ocm49015251</subfield></datafield><datafield ind1=' ' ind2=' ' tag='998'><subfield code='b'>2</subfield><subfield code='c'>031101</subfield><subfield code='d'>m</subfield><subfield code='e'>j</subfield><subfield code='f'>-</subfield><subfield code='g'>0</subfield></datafield><datafield ind1=' ' ind2=' ' tag='ADM'><subfield code='b'>2018-04-11 07:29:04</subfield><subfield code='e'>b2672473x-01tuli_inst</subfield><subfield code='d'>ILS</subfield><subfield code='a'>2017-06-20 14:55:38</subfield><subfield code='c'>false</subfield></datafield><datafield ind1='0' ind2=' ' tag='HLD'><subfield code='b'>MAIN</subfield><subfield code='c'>stacks</subfield><subfield code='h'>BB 4-2 Warner Bros 9 48025 2</subfield><subfield code='8'>22334984000003811</subfield></datafield><datafield ind1='8' ind2=' ' tag='HLD'><subfield code='b'>PRESSER</subfield><subfield code='c'>plc</subfield><subfield code='h'>BB 4-2 Warner Bros 9 48025 2</subfield><subfield code='8'>22334984020003811</subfield></datafield><datafield ind1=' ' ind2=' ' tag='ITM'><subfield code='r'>22334984000003811</subfield><subfield code='b'>1</subfield><subfield code='h'>0</subfield><subfield code='g'>stacks</subfield><subfield code='t'>RECORD</subfield><subfield code='9'>39074012968343</subfield><subfield code='e'>stacks</subfield><subfield code='8'>23334983990003811</subfield><subfield code='a'>0</subfield><subfield code='q'>2017-06-20 14:55:38</subfield><subfield code='i'>BB 4-2 Warner Bros 9 48025 2</subfield><subfield code='d'>MAIN</subfield><subfield code='f'>MAIN</subfield></datafield><datafield ind1=' ' ind2=' ' tag='ITM'><subfield code='r'>22334984020003811</subfield><subfield code='b'>1</subfield><subfield code='h'>8</subfield><subfield code='g'>plc</subfield><subfield code='t'>RECORD</subfield><subfield code='9'>39074029660388</subfield><subfield code='e'>plc</subfield><subfield code='8'>23334984010003811</subfield><subfield code='a'>5</subfield><subfield code='q'>2017-06-20 14:55:38</subfield><subfield code='i'>BB 4-2 Warner Bros 9 48025 2</subfield><subfield code='d'>PRESSER</subfield><subfield code='f'>PRESSER</subfield></datafield></record>