
<record xmlns='http://www.loc.gov/MARC21/slim'><leader>01611nam a2200421 a 4500</leader><controlfield tag='005'>20170825174810.0</controlfield><controlfield tag='007'>co uga       </controlfield><controlfield tag='008'>001006s1999    mdu           000 0 eng d</controlfield><controlfield tag='001'>991012650139703811</controlfield><datafield ind1=' ' ind2=' ' tag='035'><subfield code='a'>(PPT)b21307738-01tuli_inst</subfield></datafield><datafield ind1=' ' ind2=' ' tag='035'><subfield code='a'>(CStRLIN)ocn475813872</subfield><subfield code='9'>ExL</subfield></datafield><datafield ind1=' ' ind2=' ' tag='035'><subfield code='a'>PATG00-B20977</subfield></datafield><datafield ind1=' ' ind2=' ' tag='035'><subfield code='a'>ocm80295221</subfield></datafield><datafield ind1=' ' ind2=' ' tag='035'><subfield code='a'>(OCLC)ocm80295221</subfield></datafield><datafield ind1=' ' ind2=' ' tag='040'><subfield code='a'>PPT</subfield><subfield code='c'>PPT</subfield></datafield><datafield ind1=' ' ind2=' ' tag='079'><subfield code='a'>ocm80295221</subfield></datafield><datafield ind1=' ' ind2=' ' tag='090'><subfield code='a'>ML3920</subfield><subfield code='b'>.M89963x 1999</subfield></datafield><datafield ind1='0' ind2='0' tag='245'><subfield code='a'>Music therapy research :</subfield><subfield code='b'>quantitative and qualitative foundations</subfield><subfield code='h'>[electronic resource],</subfield><subfield code='n'>CD-ROM I,</subfield><subfield code='p'>1964-1998.</subfield></datafield><datafield ind1=' ' ind2=' ' tag='260'><subfield code='a'>Silver Spring, MD :</subfield><subfield code='b'>American Music Therapy Association,</subfield><subfield code='c'>c1999.</subfield></datafield><datafield ind1=' ' ind2=' ' tag='300'><subfield code='a'>1 computer laser optical disc :</subfield><subfield code='b'>sd. ;</subfield><subfield code='c'>4 3/4 in.</subfield></datafield><datafield ind1=' ' ind2=' ' tag='500'><subfield code='a'>Title from disc label.</subfield></datafield><datafield ind1='0' ind2=' ' tag='505'><subfield code='a'>Journal of music therapy, 1964 to 1998 -- Music therapy, 1981-1996 -- Music therapy perpectives, 1982-1984, 1986-1998.</subfield></datafield><datafield ind1=' ' ind2=' ' tag='520'><subfield code='a'>Contains full text articles from three music therapy journals.</subfield></datafield><datafield ind1=' ' ind2=' ' tag='538'><subfield code='a'>System requirements: The CD-Rom will work with PCs using Windows 95, 98, NT, or 3.X and Macintosh.</subfield></datafield><datafield ind1=' ' ind2='0' tag='650'><subfield code='a'>Music therapy</subfield><subfield code='x'>Research</subfield><subfield code='x'>Methodology.</subfield></datafield><datafield ind1=' ' ind2='0' tag='650'><subfield code='a'>Music therapy.</subfield></datafield><datafield ind1='0' ind2=' ' tag='730'><subfield code='a'>Journal of music therapy.</subfield></datafield><datafield ind1='0' ind2=' ' tag='730'><subfield code='a'>Music therapy.</subfield></datafield><datafield ind1='0' ind2=' ' tag='730'><subfield code='a'>Music therapy perspectives.</subfield></datafield><datafield ind1=' ' ind2='1' tag='901'><subfield code='i'>39074014365951</subfield><subfield code='l'>psic</subfield><subfield code='a'>ML3920</subfield><subfield code='b'>.M89963x 1999</subfield><subfield code='s'>o</subfield><subfield code='t'>24</subfield><subfield code='z'>090</subfield></datafield><datafield ind1=' ' ind2=' ' tag='902'><subfield code='a'>110512</subfield></datafield><datafield ind1=' ' ind2=' ' tag='907'><subfield code='a'>.b21307738</subfield><subfield code='b'>multi</subfield><subfield code='c'>-</subfield></datafield><datafield ind1=' ' ind2=' ' tag='945'><subfield code='l'>rdsk </subfield><subfield code='g'>1</subfield></datafield><datafield ind1=' ' ind2=' ' tag='945'><subfield code='l'>muplc</subfield><subfield code='g'>1</subfield></datafield><datafield ind1=' ' ind2=' ' tag='950'><subfield code='l'>P</subfield></datafield><datafield ind1=' ' ind2=' ' tag='979'><subfield code='a'>ocm80295221</subfield></datafield><datafield ind1=' ' ind2=' ' tag='998'><subfield code='b'>1</subfield><subfield code='c'>001009</subfield><subfield code='d'>m</subfield><subfield code='e'>a</subfield><subfield code='f'>-</subfield><subfield code='g'>0</subfield></datafield><datafield ind1=' ' ind2=' ' tag='998'><subfield code='a'>10/06/00</subfield><subfield code='t'>c</subfield><subfield code='s'>9114</subfield><subfield code='l'>PATG</subfield><subfield code='n'>PPT</subfield><subfield code='d'>10/06/00</subfield><subfield code='c'>CW </subfield><subfield code='b'>AT</subfield></datafield><datafield ind1=' ' ind2=' ' tag='ADM'><subfield code='b'>2018-06-19 02:58:36</subfield><subfield code='e'>b21307738-01tuli_inst</subfield><subfield code='d'>ILS</subfield><subfield code='a'>2017-06-20 05:58:04</subfield><subfield code='c'>false</subfield></datafield><datafield ind1='0' ind2=' ' tag='HLD'><subfield code='b'>PRESSER</subfield><subfield code='c'>plc</subfield><subfield code='h'>ML3920</subfield><subfield code='i'>.M89963x 1999</subfield><subfield code='8'>22238547950003811</subfield></datafield><datafield ind1='0' ind2=' ' tag='HLD'><subfield code='b'>MAIN</subfield><subfield code='c'>intref</subfield><subfield code='h'>ML3920</subfield><subfield code='i'>.M89963x 1999</subfield><subfield code='8'>22238547970003811</subfield></datafield><datafield ind1=' ' ind2=' ' tag='ITM'><subfield code='r'>22238547950003811</subfield><subfield code='b'>1</subfield><subfield code='h'>0</subfield><subfield code='g'>plc</subfield><subfield code='t'>ELEC</subfield><subfield code='e'>plc</subfield><subfield code='8'>23238547940003811</subfield><subfield code='a'>5</subfield><subfield code='q'>2017-06-20 05:58:04</subfield><subfield code='i'>ML3920 .M89963x 1999</subfield><subfield code='d'>PRESSER</subfield><subfield code='f'>PRESSER</subfield></datafield><datafield ind1=' ' ind2=' ' tag='ITM'><subfield code='r'>22238547970003811</subfield><subfield code='b'>1</subfield><subfield code='h'>0</subfield><subfield code='g'>intref</subfield><subfield code='t'>ELEC</subfield><subfield code='9'>39074014365951</subfield><subfield code='e'>intref</subfield><subfield code='8'>23238547960003811</subfield><subfield code='a'>10</subfield><subfield code='q'>2017-06-20 05:58:04</subfield><subfield code='i'>ML3920 .M89963x 1999</subfield><subfield code='d'>MAIN</subfield><subfield code='f'>MAIN</subfield></datafield></record>