
<record xmlns='http://www.loc.gov/MARC21/slim'><leader>01386ncm a2200397 a 4500</leader><controlfield tag='005'>20170825231050.0</controlfield><controlfield tag='008'>010702s1999    fluvra         n        d</controlfield><controlfield tag='001'>991012972279703811</controlfield><datafield ind1='3' ind2='2' tag='028'><subfield code='a'>M 3018</subfield><subfield code='b'>Masters Music Publications</subfield></datafield><datafield ind1=' ' ind2=' ' tag='035'><subfield code='a'>(PPT)b21387606-01tuli_inst</subfield></datafield><datafield ind1=' ' ind2=' ' tag='035'><subfield code='a'>(CStRLIN)ocn475842509</subfield><subfield code='9'>ExL</subfield></datafield><datafield ind1=' ' ind2=' ' tag='035'><subfield code='a'>PATG01-C172</subfield></datafield><datafield ind1=' ' ind2=' ' tag='035'><subfield code='a'>ocm42059508</subfield></datafield><datafield ind1=' ' ind2=' ' tag='035'><subfield code='a'>(OCLC)ocm42059508</subfield></datafield><datafield ind1=' ' ind2=' ' tag='040'><subfield code='a'>NjR</subfield><subfield code='c'>NjR</subfield><subfield code='d'>PPT</subfield></datafield><datafield ind1=' ' ind2=' ' tag='079'><subfield code='a'>ocm42059508</subfield></datafield><datafield ind1=' ' ind2=' ' tag='090'><subfield code='a'>M214</subfield><subfield code='b'>.S25x op.35 1999</subfield></datafield><datafield ind1='1' ind2=' ' tag='100'><subfield code='a'>Saint-Saëns, Camille,</subfield><subfield code='d'>1835-1921.</subfield></datafield><datafield ind1='1' ind2='0' tag='240'><subfield code='a'>Variations sur un thème de Beethoven.</subfield></datafield><datafield ind1='0' ind2='0' tag='245'><subfield code='a'>Variations sur un thème de Beethoven :</subfield><subfield code='b'>for two pianos, four hands : op. 35 /</subfield><subfield code='c'>by Camille Saint-Saëns.</subfield></datafield><datafield ind1=' ' ind2=' ' tag='260'><subfield code='a'>Boca Raton, Fla. :</subfield><subfield code='b'>Masters Music Publications,</subfield><subfield code='c'>[1999?]</subfield></datafield><datafield ind1=' ' ind2=' ' tag='300'><subfield code='a'>2 scores (34 p. each) ;</subfield><subfield code='c'>31 cm.</subfield></datafield><datafield ind1=' ' ind2='0' tag='440'><subfield code='a'>Master piano series.</subfield></datafield><datafield ind1=' ' ind2='0' tag='650'><subfield code='a'>Variations (Pianos (2))</subfield><subfield code='v'>Scores.</subfield></datafield><datafield ind1='1' ind2=' ' tag='700'><subfield code='a'>Beethoven, Ludwig van,</subfield><subfield code='d'>1770-1827.</subfield></datafield><datafield ind1=' ' ind2='1' tag='901'><subfield code='l'>pstk</subfield><subfield code='a'>M214</subfield><subfield code='b'>.S25x op.35 1999</subfield><subfield code='s'>b</subfield><subfield code='t'>0</subfield><subfield code='s'>-</subfield><subfield code='z'>090</subfield></datafield><datafield ind1=' ' ind2=' ' tag='902'><subfield code='a'>161011</subfield></datafield><datafield ind1=' ' ind2=' ' tag='907'><subfield code='a'>.b21387606</subfield><subfield code='b'>multi</subfield><subfield code='c'>-</subfield></datafield><datafield ind1=' ' ind2=' ' tag='945'><subfield code='l'>muatc</subfield><subfield code='a'>M214.S15M op.35 c.3 delete</subfield><subfield code='g'>1</subfield></datafield><datafield ind1=' ' ind2=' ' tag='945'><subfield code='l'>muatc</subfield><subfield code='a'>M214.S15M op.35 c.2 delete</subfield><subfield code='g'>1</subfield></datafield><datafield ind1=' ' ind2=' ' tag='945'><subfield code='l'>pstk </subfield><subfield code='g'>1</subfield></datafield><datafield ind1=' ' ind2=' ' tag='945'><subfield code='l'>pstk </subfield><subfield code='g'>1</subfield></datafield><datafield ind1=' ' ind2=' ' tag='950'><subfield code='l'>P</subfield></datafield><datafield ind1=' ' ind2=' ' tag='979'><subfield code='a'>ocm42059508</subfield></datafield><datafield ind1=' ' ind2=' ' tag='998'><subfield code='b'>5</subfield><subfield code='c'>010703</subfield><subfield code='d'>m</subfield><subfield code='e'>c</subfield><subfield code='f'>-</subfield><subfield code='g'>0</subfield></datafield><datafield ind1=' ' ind2=' ' tag='998'><subfield code='a'>07/02/01</subfield><subfield code='t'>c</subfield><subfield code='s'>9115</subfield><subfield code='l'>PATG</subfield><subfield code='n'>PPT</subfield><subfield code='w'>NJRGA1486002C</subfield><subfield code='d'>07/02/01</subfield><subfield code='c'>DH </subfield><subfield code='b'>AT</subfield></datafield><datafield ind1=' ' ind2=' ' tag='ADM'><subfield code='b'>2018-06-19 03:07:15</subfield><subfield code='e'>b21387606-01tuli_inst</subfield><subfield code='d'>ILS</subfield><subfield code='a'>2017-06-20 12:43:46</subfield><subfield code='c'>false</subfield></datafield><datafield ind1='0' ind2=' ' tag='HLD'><subfield code='b'>MAIN</subfield><subfield code='c'>stacks</subfield><subfield code='h'>M214</subfield><subfield code='i'>.S25x op.35 1999</subfield><subfield code='8'>22320178500003811</subfield></datafield><datafield ind1='0' ind2=' ' tag='HLD'><subfield code='b'>PRESSER</subfield><subfield code='c'>presser</subfield><subfield code='h'>M214.S15M op.35 c.3 delete</subfield><subfield code='8'>22320178470003811</subfield></datafield><datafield ind1=' ' ind2=' ' tag='ITM'><subfield code='r'>22320178470003811</subfield><subfield code='b'>1</subfield><subfield code='h'>0</subfield><subfield code='g'>presser</subfield><subfield code='t'>SCORE</subfield><subfield code='e'>presser</subfield><subfield code='k'>M214.S15M op.35 c.2 delete</subfield><subfield code='8'>23320178450003811</subfield><subfield code='a'>0</subfield><subfield code='q'>2017-06-20 12:43:46</subfield><subfield code='i'>M214.S15M op.35 c.3 delete</subfield><subfield code='d'>PRESSER</subfield><subfield code='f'>PRESSER</subfield></datafield><datafield ind1=' ' ind2=' ' tag='ITM'><subfield code='r'>22320178500003811</subfield><subfield code='b'>1</subfield><subfield code='h'>0</subfield><subfield code='g'>stacks</subfield><subfield code='t'>SCORE</subfield><subfield code='9'>39074014687099</subfield><subfield code='e'>stacks</subfield><subfield code='8'>23320178490003811</subfield><subfield code='a'>0</subfield><subfield code='q'>2017-06-20 12:43:46</subfield><subfield code='i'>M214 .S25x op.35 1999</subfield><subfield code='d'>MAIN</subfield><subfield code='f'>MAIN</subfield></datafield><datafield ind1=' ' ind2=' ' tag='ITM'><subfield code='r'>22320178470003811</subfield><subfield code='b'>1</subfield><subfield code='h'>0</subfield><subfield code='g'>presser</subfield><subfield code='t'>SCORE</subfield><subfield code='e'>presser</subfield><subfield code='8'>23320178460003811</subfield><subfield code='a'>0</subfield><subfield code='q'>2017-06-20 12:43:46</subfield><subfield code='i'>M214.S15M op.35 c.3 delete</subfield><subfield code='d'>PRESSER</subfield><subfield code='f'>PRESSER</subfield></datafield><datafield ind1=' ' ind2=' ' tag='ITM'><subfield code='r'>22320178500003811</subfield><subfield code='b'>1</subfield><subfield code='h'>0</subfield><subfield code='g'>stacks</subfield><subfield code='t'>SCORE</subfield><subfield code='9'>39074029454675</subfield><subfield code='e'>stacks</subfield><subfield code='8'>23320178480003811</subfield><subfield code='a'>0</subfield><subfield code='q'>2017-06-20 12:43:46</subfield><subfield code='i'>M214 .S25x op.35 1999</subfield><subfield code='d'>MAIN</subfield><subfield code='f'>MAIN</subfield></datafield></record>