
<record xmlns='http://www.loc.gov/MARC21/slim'><leader>01300nam a2200421 a 4500</leader><controlfield tag='005'>20170825231500.0</controlfield><controlfield tag='008'>990525s1998    nhug     b    000 0 eng d</controlfield><controlfield tag='001'>991004098079703811</controlfield><datafield ind1=' ' ind2=' ' tag='010'><subfield code='a'>99163021</subfield></datafield><datafield ind1=' ' ind2=' ' tag='020'><subfield code='a'>1891278002</subfield></datafield><datafield ind1=' ' ind2=' ' tag='035'><subfield code='a'>(PPT)b18663072-01tuli_inst</subfield></datafield><datafield ind1=' ' ind2=' ' tag='035'><subfield code='a'>(CStRLIN)ocn475680786</subfield><subfield code='9'>ExL</subfield></datafield><datafield ind1=' ' ind2=' ' tag='035'><subfield code='a'>PATG99-B4800</subfield></datafield><datafield ind1=' ' ind2=' ' tag='035'><subfield code='a'>ocm39510363</subfield></datafield><datafield ind1=' ' ind2=' ' tag='035'><subfield code='a'>(OCLC)ocm39510363</subfield></datafield><datafield ind1=' ' ind2=' ' tag='040'><subfield code='a'>PPiD</subfield><subfield code='c'>PPiD</subfield><subfield code='d'>DLC</subfield><subfield code='d'>PPT</subfield></datafield><datafield ind1=' ' ind2=' ' tag='042'><subfield code='a'>lccopycat</subfield></datafield><datafield ind1=' ' ind2=' ' tag='079'><subfield code='a'>ocm39510363</subfield></datafield><datafield ind1=' ' ind2=' ' tag='090'><subfield code='a'>MT10</subfield><subfield code='b'>.L57 1998</subfield></datafield><datafield ind1='1' ind2=' ' tag='100'><subfield code='a'>Levin, Herbert D.</subfield></datafield><datafield ind1='1' ind2='0' tag='245'><subfield code='a'>Learning through music /</subfield><subfield code='c'>by Herbert Levin and Gail Levin.</subfield></datafield><datafield ind1=' ' ind2=' ' tag='250'><subfield code='a'>2nd ed.</subfield></datafield><datafield ind1=' ' ind2=' ' tag='260'><subfield code='a'>Gilsum, NH :</subfield><subfield code='b'>Barcelona Publishers,</subfield><subfield code='c'>1998.</subfield></datafield><datafield ind1=' ' ind2=' ' tag='300'><subfield code='a'>xiii, 131 p. :</subfield><subfield code='b'>music ;</subfield><subfield code='c'>28 cm.</subfield></datafield><datafield ind1=' ' ind2=' ' tag='504'><subfield code='a'>Includes bibliographical references (p. 131).</subfield></datafield><datafield ind1=' ' ind2='0' tag='650'><subfield code='a'>School music</subfield><subfield code='x'>Instruction and study</subfield><subfield code='x'>Activity programs.</subfield></datafield><datafield ind1=' ' ind2='0' tag='650'><subfield code='a'>Music</subfield><subfield code='x'>Instruction and study.</subfield></datafield><datafield ind1=' ' ind2='0' tag='650'><subfield code='a'>Special education</subfield><subfield code='x'>Music.</subfield></datafield><datafield ind1='1' ind2=' ' tag='700'><subfield code='a'>Levin, Gail M.</subfield></datafield><datafield ind1=' ' ind2='1' tag='901'><subfield code='i'>39074014388490</subfield><subfield code='l'>pstk</subfield><subfield code='t'>0</subfield><subfield code='s'>-</subfield><subfield code='z'>090</subfield></datafield><datafield ind1=' ' ind2=' ' tag='902'><subfield code='a'>170103</subfield></datafield><datafield ind1=' ' ind2=' ' tag='907'><subfield code='a'>.b18663072</subfield><subfield code='b'>multi</subfield><subfield code='c'>-</subfield></datafield><datafield ind1=' ' ind2=' ' tag='945'><subfield code='l'>pstk </subfield><subfield code='g'>1</subfield></datafield><datafield ind1=' ' ind2=' ' tag='945'><subfield code='l'>muplc</subfield><subfield code='g'>1</subfield></datafield><datafield ind1=' ' ind2=' ' tag='950'><subfield code='l'>P</subfield></datafield><datafield ind1=' ' ind2=' ' tag='979'><subfield code='a'>ocm39510363</subfield></datafield><datafield ind1=' ' ind2=' ' tag='998'><subfield code='b'>2</subfield><subfield code='c'>990527</subfield><subfield code='d'>m</subfield><subfield code='e'>a</subfield><subfield code='f'>-</subfield><subfield code='g'>0</subfield></datafield><datafield ind1=' ' ind2=' ' tag='998'><subfield code='a'>05/25/99</subfield><subfield code='t'>c</subfield><subfield code='s'>9110</subfield><subfield code='l'>PATG</subfield><subfield code='n'>PPT</subfield><subfield code='w'>DCLC99163021B</subfield><subfield code='d'>05/25/99</subfield><subfield code='b'>NP</subfield></datafield><datafield ind1=' ' ind2=' ' tag='ADM'><subfield code='b'>2018-06-18 18:24:28</subfield><subfield code='e'>b18663072-01tuli_inst</subfield><subfield code='d'>ILS</subfield><subfield code='a'>2017-06-20 14:01:26</subfield><subfield code='c'>false</subfield></datafield><datafield ind1='0' ind2=' ' tag='HLD'><subfield code='b'>MAIN</subfield><subfield code='c'>stacks</subfield><subfield code='h'>MT10</subfield><subfield code='i'>.L57 1998</subfield><subfield code='8'>22328819030003811</subfield></datafield><datafield ind1='0' ind2=' ' tag='HLD'><subfield code='b'>PRESSER</subfield><subfield code='c'>plc</subfield><subfield code='h'>MT10</subfield><subfield code='i'>.L57 1998</subfield><subfield code='8'>22328819010003811</subfield></datafield><datafield ind1=' ' ind2=' ' tag='ITM'><subfield code='r'>22328819030003811</subfield><subfield code='b'>1</subfield><subfield code='h'>0</subfield><subfield code='g'>stacks</subfield><subfield code='t'>BOOK</subfield><subfield code='9'>39074014388490</subfield><subfield code='e'>stacks</subfield><subfield code='8'>23328819020003811</subfield><subfield code='a'>0</subfield><subfield code='q'>2017-06-20 14:01:26</subfield><subfield code='i'>MT10 .L57 1998</subfield><subfield code='d'>MAIN</subfield><subfield code='f'>MAIN</subfield></datafield><datafield ind1=' ' ind2=' ' tag='ITM'><subfield code='r'>22328819010003811</subfield><subfield code='b'>1</subfield><subfield code='h'>0</subfield><subfield code='g'>plc</subfield><subfield code='t'>BOOK</subfield><subfield code='e'>plc</subfield><subfield code='8'>23328819000003811</subfield><subfield code='a'>0</subfield><subfield code='q'>2017-06-20 14:01:26</subfield><subfield code='i'>MT10 .L57 1998</subfield><subfield code='d'>PRESSER</subfield><subfield code='f'>PRESSER</subfield></datafield></record>