
<record xmlns='http://www.loc.gov/MARC21/slim'><leader>01086nam a2200373 a 4500</leader><controlfield tag='005'>20170825231628.0</controlfield><controlfield tag='008'>960403s1997    njuab    bk   001 0 eng  </controlfield><controlfield tag='001'>991000214369703811</controlfield><datafield ind1=' ' ind2=' ' tag='010'><subfield code='a'>96014971 /MN</subfield></datafield><datafield ind1=' ' ind2=' ' tag='020'><subfield code='a'>0132306328</subfield></datafield><datafield ind1=' ' ind2=' ' tag='035'><subfield code='a'>(PPT)b17711289-01tuli_inst</subfield></datafield><datafield ind1=' ' ind2=' ' tag='035'><subfield code='a'>(DLC    )ocn478401821</subfield><subfield code='9'>ExL</subfield></datafield><datafield ind1=' ' ind2=' ' tag='035'><subfield code='a'>DLC   96014971 /MN</subfield></datafield><datafield ind1=' ' ind2=' ' tag='035'><subfield code='a'>ocm34543630</subfield></datafield><datafield ind1=' ' ind2=' ' tag='035'><subfield code='a'>(OCLC)ocm34543630</subfield></datafield><datafield ind1=' ' ind2=' ' tag='040'><subfield code='a'>DLC</subfield><subfield code='c'>DLC</subfield><subfield code='d'>DLC</subfield></datafield><datafield ind1=' ' ind2=' ' tag='079'><subfield code='a'>ocm34543630</subfield></datafield><datafield ind1=' ' ind2=' ' tag='090'><subfield code='a'>MT6.E98 1997</subfield></datafield><datafield ind1='0' ind2='0' tag='245'><subfield code='a'>Excursions in world music /</subfield><subfield code='c'>Bruno Nettl ... [et al.].</subfield></datafield><datafield ind1=' ' ind2=' ' tag='250'><subfield code='a'>2nd ed.</subfield></datafield><datafield ind1=' ' ind2=' ' tag='260'><subfield code='a'>Upper Saddle River, N.J. :</subfield><subfield code='b'>Prentice Hall,</subfield><subfield code='c'>c1997.</subfield></datafield><datafield ind1=' ' ind2=' ' tag='300'><subfield code='a'>xii, 340 p. :</subfield><subfield code='b'>ill., maps ;</subfield><subfield code='c'>24 cm.</subfield></datafield><datafield ind1=' ' ind2=' ' tag='504'><subfield code='a'>Includes discographies, bibliographical references, and index.</subfield></datafield><datafield ind1=' ' ind2='0' tag='650'><subfield code='a'>Music appreciation.</subfield></datafield><datafield ind1=' ' ind2='0' tag='650'><subfield code='a'>Ethnomusicology.</subfield></datafield><datafield ind1='1' ind2=' ' tag='700'><subfield code='a'>Nettl, Bruno,</subfield><subfield code='d'>1930-</subfield></datafield><datafield ind1=' ' ind2=' ' tag='902'><subfield code='a'>131204</subfield></datafield><datafield ind1=' ' ind2=' ' tag='907'><subfield code='a'>.b17711289</subfield><subfield code='b'>multi</subfield><subfield code='c'>-</subfield></datafield><datafield ind1=' ' ind2=' ' tag='935'><subfield code='a'>00838662</subfield></datafield><datafield ind1=' ' ind2=' ' tag='935'><subfield code='a'>2994</subfield></datafield><datafield ind1=' ' ind2=' ' tag='945'><subfield code='l'>pstk </subfield><subfield code='g'>1</subfield></datafield><datafield ind1=' ' ind2=' ' tag='945'><subfield code='l'>muplc</subfield><subfield code='g'>1</subfield></datafield><datafield ind1=' ' ind2=' ' tag='979'><subfield code='a'>ocm34543630</subfield></datafield><datafield ind1=' ' ind2=' ' tag='998'><subfield code='b'>2</subfield><subfield code='c'>990101</subfield><subfield code='d'>m</subfield><subfield code='e'>a</subfield><subfield code='f'>-</subfield><subfield code='g'>0</subfield></datafield><datafield ind1=' ' ind2=' ' tag='ADM'><subfield code='b'>2018-06-18 14:29:02</subfield><subfield code='e'>b17711289-01tuli_inst</subfield><subfield code='d'>ILS</subfield><subfield code='a'>2017-06-20 14:27:19</subfield><subfield code='c'>false</subfield></datafield><datafield ind1='0' ind2=' ' tag='HLD'><subfield code='b'>PRESSER</subfield><subfield code='c'>plc</subfield><subfield code='h'>MT6.E98 1997</subfield><subfield code='8'>22331745130003811</subfield></datafield><datafield ind1='0' ind2=' ' tag='HLD'><subfield code='b'>MAIN</subfield><subfield code='c'>stacks</subfield><subfield code='h'>MT6.E98 1997</subfield><subfield code='8'>22331745150003811</subfield></datafield><datafield ind1=' ' ind2=' ' tag='ITM'><subfield code='r'>22331745130003811</subfield><subfield code='b'>1</subfield><subfield code='h'>0</subfield><subfield code='g'>plc</subfield><subfield code='t'>BOOK</subfield><subfield code='e'>plc</subfield><subfield code='8'>23331745120003811</subfield><subfield code='a'>0</subfield><subfield code='q'>2017-06-20 14:27:19</subfield><subfield code='i'>MT6.E98 1997</subfield><subfield code='d'>PRESSER</subfield><subfield code='f'>PRESSER</subfield></datafield><datafield ind1=' ' ind2=' ' tag='ITM'><subfield code='r'>22331745150003811</subfield><subfield code='b'>1</subfield><subfield code='h'>0</subfield><subfield code='g'>stacks</subfield><subfield code='t'>BOOK</subfield><subfield code='9'>39074010670305</subfield><subfield code='e'>stacks</subfield><subfield code='8'>23331745140003811</subfield><subfield code='a'>0</subfield><subfield code='q'>2017-06-20 14:27:19</subfield><subfield code='i'>MT6.E98 1997</subfield><subfield code='d'>MAIN</subfield><subfield code='f'>MAIN</subfield></datafield></record>