
<record xmlns='http://www.loc.gov/MARC21/slim'><leader>01124cam a2200373 a 4500</leader><controlfield tag='005'>20180315125353.0</controlfield><controlfield tag='008'>970522s1997    ilu           000 0 eng  </controlfield><controlfield tag='001'>991034998219703811</controlfield><datafield ind1=' ' ind2=' ' tag='010'><subfield code='a'>97021941</subfield></datafield><datafield ind1=' ' ind2=' ' tag='020'><subfield code='a'>1579990053</subfield></datafield><datafield ind1=' ' ind2=' ' tag='035'><subfield code='a'>(PPT)b26541233-01tuli_inst</subfield></datafield><datafield ind1=' ' ind2=' ' tag='035'><subfield code='a'>(OCoLC)ocn489494298</subfield><subfield code='9'>ExL</subfield></datafield><datafield ind1=' ' ind2=' ' tag='035'><subfield code='a'>ocm36969796 </subfield></datafield><datafield ind1=' ' ind2=' ' tag='035'><subfield code='a'>ocm36969796</subfield></datafield><datafield ind1=' ' ind2=' ' tag='035'><subfield code='a'>(OCLC)ocm36969796</subfield></datafield><datafield ind1=' ' ind2=' ' tag='040'><subfield code='a'>DLC</subfield><subfield code='c'>DLC</subfield></datafield><datafield ind1=' ' ind2=' ' tag='049'><subfield code='a'>TEUX</subfield></datafield><datafield ind1=' ' ind2=' ' tag='079'><subfield code='a'>ocm36969796</subfield></datafield><datafield ind1=' ' ind2=' ' tag='090'><subfield code='a'>MT1</subfield><subfield code='b'>.G646 1997 Study guide</subfield></datafield><datafield ind1='1' ind2=' ' tag='100'><subfield code='a'>Gordon, Edwin,</subfield><subfield code='d'>1927-2015</subfield></datafield><datafield ind1='1' ind2='0' tag='245'><subfield code='a'>Learning sequences in music :</subfield><subfield code='b'>skill, content, and patterns : a music learning theory.</subfield><subfield code='p'>Study guide /</subfield><subfield code='c'>Edwin E. Gordon.</subfield></datafield><datafield ind1=' ' ind2=' ' tag='250'><subfield code='a'>1997 ed.</subfield></datafield><datafield ind1=' ' ind2=' ' tag='260'><subfield code='a'>Chicago :</subfield><subfield code='b'>GIA,</subfield><subfield code='c'>c1997.</subfield></datafield><datafield ind1=' ' ind2=' ' tag='300'><subfield code='a'>viii, 219 p. ;</subfield><subfield code='c'>24 cm.</subfield></datafield><datafield ind1=' ' ind2='0' tag='650'><subfield code='a'>Music</subfield><subfield code='x'>Instruction and study.</subfield></datafield><datafield ind1='1' ind2=' ' tag='700'><subfield code='a'>Gordon, Edwin,</subfield><subfield code='d'>1927-2015.</subfield><subfield code='t'>Learning sequences in music.</subfield></datafield><datafield ind1=' ' ind2=' ' tag='907'><subfield code='a'>.b26541233</subfield><subfield code='b'>multi</subfield><subfield code='c'>-</subfield></datafield><datafield ind1=' ' ind2=' ' tag='935'><subfield code='a'>3432</subfield></datafield><datafield ind1=' ' ind2=' ' tag='935'><subfield code='a'>7920</subfield></datafield><datafield ind1=' ' ind2=' ' tag='945'><subfield code='l'>pstk </subfield><subfield code='a'>MT1</subfield><subfield code='b'>.G6462x 1997</subfield><subfield code='g'>1</subfield></datafield><datafield ind1=' ' ind2=' ' tag='945'><subfield code='l'>muplc</subfield><subfield code='g'>1</subfield></datafield><datafield ind1=' ' ind2=' ' tag='945'><subfield code='l'>muplc</subfield><subfield code='g'>2</subfield></datafield><datafield ind1=' ' ind2=' ' tag='979'><subfield code='a'>ocm36969796</subfield></datafield><datafield ind1=' ' ind2=' ' tag='998'><subfield code='b'>4</subfield><subfield code='c'>030802</subfield><subfield code='d'>m</subfield><subfield code='e'>a</subfield><subfield code='f'>-</subfield><subfield code='g'>0</subfield></datafield><datafield ind1=' ' ind2=' ' tag='ADM'><subfield code='b'>2018-03-15 16:53:53</subfield><subfield code='e'>b26541233-01tuli_inst</subfield><subfield code='d'>ILS</subfield><subfield code='a'>2017-06-20 07:22:24</subfield><subfield code='c'>false</subfield></datafield><datafield ind1='0' ind2=' ' tag='HLD'><subfield code='b'>PRESSER</subfield><subfield code='c'>plc</subfield><subfield code='h'>MT1</subfield><subfield code='i'>.G646 1997 Study guide</subfield><subfield code='8'>22265438720003811</subfield></datafield><datafield ind1='0' ind2=' ' tag='HLD'><subfield code='b'>MAIN</subfield><subfield code='c'>stacks</subfield><subfield code='h'>MT1 .G6462x 1997</subfield><subfield code='8'>22265438770003811</subfield></datafield><datafield ind1=' ' ind2=' ' tag='ITM'><subfield code='r'>22265438720003811</subfield><subfield code='b'>1</subfield><subfield code='h'>0</subfield><subfield code='g'>plc</subfield><subfield code='t'>BOOK</subfield><subfield code='e'>plc</subfield><subfield code='8'>23265438700003811</subfield><subfield code='a'>0</subfield><subfield code='q'>2017-06-20 07:22:24</subfield><subfield code='i'>MT1 .G646 1997 Study guide</subfield><subfield code='d'>PRESSER</subfield><subfield code='f'>PRESSER</subfield></datafield><datafield ind1=' ' ind2=' ' tag='ITM'><subfield code='r'>22265438720003811</subfield><subfield code='b'>1</subfield><subfield code='h'>0</subfield><subfield code='g'>plc</subfield><subfield code='t'>BOOK</subfield><subfield code='e'>plc</subfield><subfield code='8'>23265438710003811</subfield><subfield code='a'>0</subfield><subfield code='q'>2017-06-20 07:22:24</subfield><subfield code='i'>MT1 .G646 1997 Study guide</subfield><subfield code='d'>PRESSER</subfield><subfield code='f'>PRESSER</subfield></datafield><datafield ind1=' ' ind2=' ' tag='ITM'><subfield code='r'>22265438770003811</subfield><subfield code='b'>1</subfield><subfield code='h'>0</subfield><subfield code='g'>stacks</subfield><subfield code='t'>BOOK</subfield><subfield code='9'>39074018604710</subfield><subfield code='e'>stacks</subfield><subfield code='8'>23265438730003811</subfield><subfield code='a'>0</subfield><subfield code='q'>2017-06-20 07:22:24</subfield><subfield code='i'>MT1 .G6462x 1997</subfield><subfield code='d'>MAIN</subfield><subfield code='f'>MAIN</subfield></datafield></record>