
<record xmlns='http://www.loc.gov/MARC21/slim'><leader>01139pam a2200361 a 4500</leader><controlfield tag='005'>20170825204923.0</controlfield><controlfield tag='008'>960611s1997    njua     b    001 0 eng  </controlfield><controlfield tag='001'>991035916279703811</controlfield><datafield ind1=' ' ind2=' ' tag='010'><subfield code='a'>96024983 /MN</subfield></datafield><datafield ind1=' ' ind2=' ' tag='020'><subfield code='a'>0134894448</subfield></datafield><datafield ind1=' ' ind2=' ' tag='035'><subfield code='a'>(PPT)b17477165-01tuli_inst</subfield></datafield><datafield ind1=' ' ind2=' ' tag='035'><subfield code='a'>(DLC    )ocn477419750</subfield><subfield code='9'>ExL</subfield></datafield><datafield ind1=' ' ind2=' ' tag='035'><subfield code='a'>DLC   96024983 /MN</subfield></datafield><datafield ind1=' ' ind2=' ' tag='035'><subfield code='a'>ocm34951260</subfield></datafield><datafield ind1=' ' ind2=' ' tag='035'><subfield code='a'>(OCLC)ocm34951260</subfield></datafield><datafield ind1=' ' ind2=' ' tag='040'><subfield code='a'>DLC</subfield><subfield code='c'>DLC</subfield><subfield code='d'>OrLoB</subfield><subfield code='d'>OrLoB</subfield></datafield><datafield ind1=' ' ind2=' ' tag='043'><subfield code='a'>n-us---</subfield></datafield><datafield ind1=' ' ind2=' ' tag='079'><subfield code='a'>ocm34951260</subfield></datafield><datafield ind1=' ' ind2=' ' tag='090'><subfield code='a'>MT3.U5L23 1997</subfield></datafield><datafield ind1='1' ind2=' ' tag='100'><subfield code='a'>Labuta, Joseph A.</subfield></datafield><datafield ind1='1' ind2='0' tag='245'><subfield code='a'>Music education :</subfield><subfield code='b'>historical contexts and perspectives /</subfield><subfield code='c'>Joseph A. Labuta, Deborah A. Smith.</subfield></datafield><datafield ind1=' ' ind2=' ' tag='260'><subfield code='a'>Upper Saddle River, N.J. :</subfield><subfield code='b'>Prentice Hall,</subfield><subfield code='c'>c1997.</subfield></datafield><datafield ind1=' ' ind2=' ' tag='300'><subfield code='a'>x, 158 p. :</subfield><subfield code='b'>ill. ;</subfield><subfield code='c'>25 cm.</subfield></datafield><datafield ind1=' ' ind2=' ' tag='504'><subfield code='a'>Includes bibliographical references and index.</subfield></datafield><datafield ind1=' ' ind2='0' tag='650'><subfield code='a'>School music</subfield><subfield code='x'>Instruction and study</subfield><subfield code='z'>United States</subfield><subfield code='x'>History.</subfield></datafield><datafield ind1='1' ind2=' ' tag='700'><subfield code='a'>Smith, Deborah A.,</subfield><subfield code='d'>1951-</subfield></datafield><datafield ind1=' ' ind2=' ' tag='902'><subfield code='a'>130325</subfield></datafield><datafield ind1=' ' ind2=' ' tag='907'><subfield code='a'>.b17477165</subfield><subfield code='b'>multi</subfield><subfield code='c'>-</subfield></datafield><datafield ind1=' ' ind2=' ' tag='935'><subfield code='a'>00813873</subfield></datafield><datafield ind1=' ' ind2=' ' tag='945'><subfield code='l'>pstk </subfield><subfield code='g'>1</subfield></datafield><datafield ind1=' ' ind2=' ' tag='945'><subfield code='l'>muplc</subfield><subfield code='g'>1</subfield></datafield><datafield ind1=' ' ind2=' ' tag='979'><subfield code='a'>ocm34951260</subfield></datafield><datafield ind1=' ' ind2=' ' tag='998'><subfield code='b'>2</subfield><subfield code='c'>990101</subfield><subfield code='d'>m</subfield><subfield code='e'>a</subfield><subfield code='f'>-</subfield><subfield code='g'>0</subfield></datafield><datafield ind1=' ' ind2=' ' tag='ADM'><subfield code='b'>2017-08-26 00:49:23</subfield><subfield code='e'>b17477165-01tuli_inst</subfield><subfield code='d'>ILS</subfield><subfield code='a'>2017-06-20 07:15:44</subfield><subfield code='c'>false</subfield></datafield><datafield ind1='0' ind2=' ' tag='HLD'><subfield code='b'>MAIN</subfield><subfield code='c'>stacks</subfield><subfield code='h'>MT3.U5L23 1997</subfield><subfield code='8'>22263616390003811</subfield></datafield><datafield ind1='0' ind2=' ' tag='HLD'><subfield code='b'>PRESSER</subfield><subfield code='c'>plc</subfield><subfield code='h'>MT3.U5L23 1997</subfield><subfield code='8'>22263616330003811</subfield></datafield><datafield ind1=' ' ind2=' ' tag='ITM'><subfield code='r'>22263616390003811</subfield><subfield code='b'>1</subfield><subfield code='h'>0</subfield><subfield code='g'>stacks</subfield><subfield code='t'>BOOK</subfield><subfield code='9'>39074011043098</subfield><subfield code='e'>stacks</subfield><subfield code='8'>23263616350003811</subfield><subfield code='a'>0</subfield><subfield code='q'>2017-06-20 07:15:44</subfield><subfield code='i'>MT3.U5L23 1997</subfield><subfield code='d'>MAIN</subfield><subfield code='f'>MAIN</subfield></datafield><datafield ind1=' ' ind2=' ' tag='ITM'><subfield code='r'>22263616330003811</subfield><subfield code='b'>1</subfield><subfield code='h'>0</subfield><subfield code='g'>plc</subfield><subfield code='t'>BOOK</subfield><subfield code='e'>plc</subfield><subfield code='8'>23263616320003811</subfield><subfield code='a'>0</subfield><subfield code='q'>2017-06-20 07:15:44</subfield><subfield code='i'>MT3.U5L23 1997</subfield><subfield code='d'>PRESSER</subfield><subfield code='f'>PRESSER</subfield></datafield></record>