
<record xmlns='http://www.loc.gov/MARC21/slim'><leader>01804ncm a2200505 a 4500</leader><controlfield tag='005'>20170826004110.0</controlfield><controlfield tag='008'>010102t19971962nyusna         n        d</controlfield><controlfield tag='001'>991012735789703811</controlfield><datafield ind1=' ' ind2=' ' tag='020'><subfield code='a'>079358633X</subfield></datafield><datafield ind1='2' ind2='2' tag='028'><subfield code='a'>AMP-9612-73</subfield><subfield code='b'>Associated Music Publishers</subfield></datafield><datafield ind1='3' ind2='0' tag='028'><subfield code='a'>HL50224940</subfield><subfield code='b'>H. Leonard Pub. Corp.</subfield></datafield><datafield ind1=' ' ind2=' ' tag='035'><subfield code='a'>(PPT)b21328262-01tuli_inst</subfield></datafield><datafield ind1=' ' ind2=' ' tag='035'><subfield code='a'>(CStRLIN)ocn475821154</subfield><subfield code='9'>ExL</subfield></datafield><datafield ind1=' ' ind2=' ' tag='035'><subfield code='a'>PATG01-C12</subfield></datafield><datafield ind1=' ' ind2=' ' tag='035'><subfield code='a'>ocn145883326</subfield></datafield><datafield ind1=' ' ind2=' ' tag='035'><subfield code='a'>(OCLC)ocn145883326</subfield></datafield><datafield ind1=' ' ind2=' ' tag='040'><subfield code='a'>LPU</subfield><subfield code='c'>LPU</subfield><subfield code='d'>CStRLIN</subfield><subfield code='d'>PPT</subfield></datafield><datafield ind1='0' ind2=' ' tag='041'><subfield code='g'>engger</subfield></datafield><datafield ind1='0' ind2=' ' tag='045'><subfield code='b'>d1952</subfield></datafield><datafield ind1=' ' ind2=' ' tag='048'><subfield code='a'>waol</subfield><subfield code='b'>wb02</subfield><subfield code='b'>scd</subfield><subfield code='b'>kcol</subfield></datafield><datafield ind1=' ' ind2=' ' tag='079'><subfield code='a'>ocn145883326</subfield></datafield><datafield ind1=' ' ind2=' ' tag='090'><subfield code='a'>M422.C37</subfield><subfield code='b'>S662x 1997</subfield></datafield><datafield ind1='1' ind2=' ' tag='100'><subfield code='a'>Carter, Elliott,</subfield><subfield code='d'>1908-2012.</subfield></datafield><datafield ind1='1' ind2='0' tag='240'><subfield code='a'>Sonatas,</subfield><subfield code='m'>harpsichord, woodwinds, violoncello.</subfield></datafield><datafield ind1='0' ind2='0' tag='245'><subfield code='a'>Sonata for flute, oboe, cello, and harpsichord /</subfield><subfield code='c'>Elliott Carter.</subfield></datafield><datafield ind1=' ' ind2=' ' tag='250'><subfield code='a'>1997 ed.</subfield></datafield><datafield ind1=' ' ind2=' ' tag='260'><subfield code='a'>New York :</subfield><subfield code='b'>Associated Music Publishers ;</subfield><subfield code='a'>Milwaukee, WI :</subfield><subfield code='b'>Distributed by Hal Leonard,</subfield><subfield code='c'>1997, c1962.</subfield></datafield><datafield ind1=' ' ind2=' ' tag='300'><subfield code='a'>1 score (76 p.) + 3 parts ;</subfield><subfield code='c'>31 cm.</subfield></datafield><datafield ind1=' ' ind2=' ' tag='306'><subfield code='a'>001730</subfield></datafield><datafield ind1=' ' ind2=' ' tag='500'><subfield code='a'>Duration: ca. 17:30.</subfield></datafield><datafield ind1=' ' ind2=' ' tag='500'><subfield code='a'>&quot;Commissioned by Sylvia Marlowe and the Harpsicord Quartet of New York.&quot;--t.p.</subfield></datafield><datafield ind1=' ' ind2=' ' tag='500'><subfield code='a'>Preface in English and German.</subfield></datafield><datafield ind1=' ' ind2='0' tag='650'><subfield code='a'>Quartets (Harpsichord, flute, oboe, cello)</subfield><subfield code='v'>Scores and parts.</subfield></datafield><datafield ind1=' ' ind2='1' tag='901'><subfield code='l'>pstk</subfield><subfield code='a'>M422.C37</subfield><subfield code='b'>S662x 1997</subfield><subfield code='s'>b</subfield><subfield code='t'>0</subfield><subfield code='z'>090</subfield></datafield><datafield ind1=' ' ind2='1' tag='901'><subfield code='l'>pstk</subfield><subfield code='s'>b</subfield><subfield code='t'>0</subfield></datafield><datafield ind1=' ' ind2=' ' tag='902'><subfield code='a'>160420</subfield></datafield><datafield ind1=' ' ind2=' ' tag='907'><subfield code='a'>.b21328262</subfield><subfield code='b'>multi</subfield><subfield code='c'>-</subfield></datafield><datafield ind1=' ' ind2=' ' tag='945'><subfield code='l'>pstk </subfield><subfield code='g'>1</subfield></datafield><datafield ind1=' ' ind2=' ' tag='945'><subfield code='l'>pstk </subfield><subfield code='g'>1</subfield></datafield><datafield ind1=' ' ind2=' ' tag='945'><subfield code='l'>mupll</subfield><subfield code='a'>M422.C37 S662x 1997</subfield><subfield code='a'>Associated music pub AMP 9612</subfield><subfield code='g'>1</subfield></datafield><datafield ind1=' ' ind2=' ' tag='945'><subfield code='l'>mupll</subfield><subfield code='a'>Associated music pub AMP 9612</subfield><subfield code='g'>1</subfield></datafield><datafield ind1=' ' ind2=' ' tag='950'><subfield code='l'>P</subfield><subfield code='i'>01/02/01 N</subfield></datafield><datafield ind1=' ' ind2=' ' tag='979'><subfield code='a'>ocn145883326</subfield></datafield><datafield ind1=' ' ind2=' ' tag='998'><subfield code='b'>2</subfield><subfield code='c'>010103</subfield><subfield code='d'>m</subfield><subfield code='e'>c</subfield><subfield code='f'>-</subfield><subfield code='g'>0</subfield></datafield><datafield ind1=' ' ind2=' ' tag='998'><subfield code='a'>01/02/01</subfield><subfield code='t'>c</subfield><subfield code='s'>9115</subfield><subfield code='l'>PATG</subfield><subfield code='n'>PPT</subfield><subfield code='w'>NYUGB11916116C</subfield><subfield code='d'>01/02/01</subfield><subfield code='c'>YU </subfield><subfield code='b'>AT</subfield></datafield><datafield ind1=' ' ind2=' ' tag='ADM'><subfield code='b'>2018-06-19 02:59:54</subfield><subfield code='e'>b21328262-01tuli_inst</subfield><subfield code='d'>ILS</subfield><subfield code='a'>2017-06-20 07:07:41</subfield><subfield code='c'>false</subfield></datafield><datafield ind1='8' ind2=' ' tag='HLD'><subfield code='b'>PRESSER</subfield><subfield code='c'>plc</subfield><subfield code='h'>M422.C37 S662x 1997</subfield><subfield code='i'>Associated music pub AMP 9612</subfield><subfield code='8'>22261340580003811</subfield></datafield><datafield ind1='0' ind2=' ' tag='HLD'><subfield code='b'>MAIN</subfield><subfield code='c'>stacks</subfield><subfield code='h'>M422.C37</subfield><subfield code='i'>S662x 1997</subfield><subfield code='8'>22261340620003811</subfield></datafield><datafield ind1=' ' ind2=' ' tag='ITM'><subfield code='r'>22261340620003811</subfield><subfield code='b'>1</subfield><subfield code='h'>0</subfield><subfield code='g'>stacks</subfield><subfield code='t'>SCORE</subfield><subfield code='9'>39074014494306</subfield><subfield code='e'>stacks</subfield><subfield code='8'>23261340590003811</subfield><subfield code='a'>0</subfield><subfield code='q'>2017-06-20 07:07:41</subfield><subfield code='i'>M422.C37 S662x 1997</subfield><subfield code='d'>MAIN</subfield><subfield code='f'>MAIN</subfield></datafield><datafield ind1=' ' ind2=' ' tag='ITM'><subfield code='r'>22261340620003811</subfield><subfield code='b'>1</subfield><subfield code='h'>0</subfield><subfield code='g'>stacks</subfield><subfield code='t'>SCORE</subfield><subfield code='9'>39074014494660</subfield><subfield code='e'>stacks</subfield><subfield code='8'>23261340600003811</subfield><subfield code='a'>0</subfield><subfield code='q'>2017-06-20 07:07:41</subfield><subfield code='i'>M422.C37 S662x 1997</subfield><subfield code='d'>MAIN</subfield><subfield code='f'>MAIN</subfield></datafield><datafield ind1=' ' ind2=' ' tag='ITM'><subfield code='r'>22261340580003811</subfield><subfield code='b'>1</subfield><subfield code='h'>8</subfield><subfield code='g'>plc</subfield><subfield code='t'>SCORE</subfield><subfield code='9'>39074029678497</subfield><subfield code='e'>plc</subfield><subfield code='k'>Associated music pub AMP 9612</subfield><subfield code='8'>23261340560003811</subfield><subfield code='a'>0</subfield><subfield code='q'>2017-06-20 07:07:41</subfield><subfield code='i'>M422.C37 S662x 1997 Associated music pub AMP 9612</subfield><subfield code='d'>PRESSER</subfield><subfield code='f'>PRESSER</subfield></datafield><datafield ind1=' ' ind2=' ' tag='ITM'><subfield code='r'>22261340580003811</subfield><subfield code='b'>1</subfield><subfield code='h'>8</subfield><subfield code='g'>plc</subfield><subfield code='t'>SCORE</subfield><subfield code='9'>39074029678489</subfield><subfield code='e'>plc</subfield><subfield code='8'>23261340570003811</subfield><subfield code='a'>0</subfield><subfield code='q'>2017-06-20 07:07:41</subfield><subfield code='i'>M422.C37 S662x 1997 Associated music pub AMP 9612</subfield><subfield code='d'>PRESSER</subfield><subfield code='f'>PRESSER</subfield></datafield></record>