
<record xmlns='http://www.loc.gov/MARC21/slim'><leader>01108cam a2200325 a 4500</leader><controlfield tag='005'>20180620003852.0</controlfield><controlfield tag='008'>970423s1997    nyuag    b    001 0 eng  </controlfield><controlfield tag='001'>991035554079703811</controlfield><datafield ind1=' ' ind2=' ' tag='010'><subfield code='a'>97019813</subfield></datafield><datafield ind1=' ' ind2=' ' tag='020'><subfield code='a'>0028645308 (alk. paper)</subfield></datafield><datafield ind1=' ' ind2=' ' tag='035'><subfield code='a'>(PPT)b26715636-01tuli_inst</subfield></datafield><datafield ind1=' ' ind2=' ' tag='035'><subfield code='a'>(OCoLC)ocm36892833 </subfield><subfield code='9'>ExL</subfield></datafield><datafield ind1=' ' ind2=' ' tag='040'><subfield code='a'>DLC</subfield><subfield code='c'>DLC</subfield><subfield code='d'>C#P</subfield></datafield><datafield ind1=' ' ind2=' ' tag='049'><subfield code='a'>TEUX</subfield></datafield><datafield ind1=' ' ind2=' ' tag='090'><subfield code='a'>MT10</subfield><subfield code='b'>.B3 1997</subfield></datafield><datafield ind1='1' ind2=' ' tag='100'><subfield code='a'>Barrett, Janet R.</subfield></datafield><datafield ind1='1' ind2='0' tag='245'><subfield code='a'>Sound ways of knowing :</subfield><subfield code='b'>music in the interdisciplinary curriculum /</subfield><subfield code='c'>Janet R. Barrett, Claire W. McCoy, Kari K. Veblen.</subfield></datafield><datafield ind1=' ' ind2=' ' tag='260'><subfield code='a'>New York :</subfield><subfield code='b'>Schirmer Books ;</subfield><subfield code='a'>London :</subfield><subfield code='b'>Prentice Hall International,</subfield><subfield code='c'>1997.</subfield></datafield><datafield ind1=' ' ind2=' ' tag='300'><subfield code='a'>xiv, 338 p. :</subfield><subfield code='b'>ill., music ;</subfield><subfield code='c'>25 cm.</subfield></datafield><datafield ind1=' ' ind2=' ' tag='504'><subfield code='a'>Includes bibliographical references (p. 323-326) and indexes.</subfield></datafield><datafield ind1=' ' ind2='0' tag='650'><subfield code='a'>Interdisciplinary approach in education.</subfield></datafield><datafield ind1=' ' ind2='0' tag='650'><subfield code='a'>School music</subfield><subfield code='x'>Instruction and study.</subfield></datafield><datafield ind1='1' ind2=' ' tag='700'><subfield code='a'>McCoy, Claire W.</subfield></datafield><datafield ind1='1' ind2=' ' tag='700'><subfield code='a'>Veblen, Kari K.</subfield></datafield><datafield ind1=' ' ind2=' ' tag='902'><subfield code='a'>140514</subfield></datafield><datafield ind1=' ' ind2=' ' tag='907'><subfield code='a'>.b26715636</subfield><subfield code='b'>multi</subfield><subfield code='c'>-</subfield></datafield><datafield ind1=' ' ind2=' ' tag='935'><subfield code='a'>3422</subfield></datafield><datafield ind1=' ' ind2=' ' tag='945'><subfield code='l'>pstk </subfield><subfield code='g'>1</subfield></datafield><datafield ind1=' ' ind2=' ' tag='945'><subfield code='l'>muplc</subfield><subfield code='g'>1</subfield></datafield><datafield ind1=' ' ind2=' ' tag='998'><subfield code='b'>2</subfield><subfield code='c'>031025</subfield><subfield code='d'>m</subfield><subfield code='e'>a</subfield><subfield code='f'>-</subfield><subfield code='g'>0</subfield></datafield><datafield ind1=' ' ind2=' ' tag='ADM'><subfield code='b'>2018-06-20 04:38:52</subfield><subfield code='e'>b26715636-01tuli_inst</subfield><subfield code='d'>ILS</subfield><subfield code='a'>2017-06-20 12:55:31</subfield><subfield code='c'>false</subfield></datafield><datafield ind1='0' ind2=' ' tag='HLD'><subfield code='b'>PRESSER</subfield><subfield code='c'>plc</subfield><subfield code='h'>MT10</subfield><subfield code='i'>.B3 1997</subfield><subfield code='8'>22321494270003811</subfield></datafield><datafield ind1='0' ind2=' ' tag='HLD'><subfield code='b'>MAIN</subfield><subfield code='c'>stacks</subfield><subfield code='h'>MT10</subfield><subfield code='i'>.B3 1997</subfield><subfield code='8'>22321494290003811</subfield></datafield><datafield ind1=' ' ind2=' ' tag='ITM'><subfield code='r'>22321494270003811</subfield><subfield code='b'>1</subfield><subfield code='h'>0</subfield><subfield code='g'>plc</subfield><subfield code='t'>BOOK</subfield><subfield code='e'>plc</subfield><subfield code='8'>23321494260003811</subfield><subfield code='a'>0</subfield><subfield code='q'>2017-06-20 12:55:31</subfield><subfield code='i'>MT10 .B3 1997</subfield><subfield code='d'>PRESSER</subfield><subfield code='f'>PRESSER</subfield></datafield><datafield ind1=' ' ind2=' ' tag='ITM'><subfield code='r'>22321494290003811</subfield><subfield code='b'>1</subfield><subfield code='h'>0</subfield><subfield code='g'>stacks</subfield><subfield code='t'>BOOK</subfield><subfield code='9'>39074025170911</subfield><subfield code='e'>stacks</subfield><subfield code='8'>23321494280003811</subfield><subfield code='a'>0</subfield><subfield code='q'>2017-06-20 12:55:31</subfield><subfield code='i'>MT10 .B3 1997</subfield><subfield code='d'>MAIN</subfield><subfield code='f'>MAIN</subfield></datafield></record>