
<record xmlns='http://www.loc.gov/MARC21/slim'><leader>01828nam a2200541 a 4500</leader><controlfield tag='005'>20170825165920.0</controlfield><controlfield tag='008'>010605m19971999iluag    b    001 0 eng d</controlfield><controlfield tag='001'>991024712659703811</controlfield><datafield ind1=' ' ind2=' ' tag='010'><subfield code='a'>96038981 /MN</subfield></datafield><datafield ind1=' ' ind2=' ' tag='020'><subfield code='a'>0941050939</subfield></datafield><datafield ind1=' ' ind2=' ' tag='020'><subfield code='a'>1579990282 (v. 2)</subfield></datafield><datafield ind1=' ' ind2=' ' tag='035'><subfield code='a'>(PPT)b24119118-01tuli_inst</subfield></datafield><datafield ind1=' ' ind2=' ' tag='035'><subfield code='a'>(CStRLIN)ocn486958501</subfield><subfield code='9'>ExL</subfield></datafield><datafield ind1=' ' ind2=' ' tag='035'><subfield code='a'>PATG01-B5757</subfield></datafield><datafield ind1=' ' ind2=' ' tag='035'><subfield code='a'>ocm60785603</subfield></datafield><datafield ind1=' ' ind2=' ' tag='035'><subfield code='a'>(OCLC)ocm60785603</subfield></datafield><datafield ind1=' ' ind2=' ' tag='040'><subfield code='a'>DLC</subfield><subfield code='c'>DLC</subfield><subfield code='d'>IdPI</subfield><subfield code='d'>PPT</subfield></datafield><datafield ind1=' ' ind2=' ' tag='079'><subfield code='a'>ocm60785603</subfield></datafield><datafield ind1=' ' ind2=' ' tag='090'><subfield code='a'>MT125</subfield><subfield code='b'>.T43 1997</subfield></datafield><datafield ind1='0' ind2='0' tag='245'><subfield code='a'>Teaching music through performance in band /</subfield><subfield code='c'>compiled and edited by Richard Miles ; [contributions by] Larry Blocher ... [et al.].</subfield></datafield><datafield ind1=' ' ind2=' ' tag='260'><subfield code='a'>Chicago :</subfield><subfield code='b'>GIA Publications,</subfield><subfield code='c'>1997-</subfield></datafield><datafield ind1=' ' ind2=' ' tag='300'><subfield code='a'>v. :</subfield><subfield code='b'>ill., music ;</subfield><subfield code='c'>24 cm.</subfield></datafield><datafield ind1=' ' ind2=' ' tag='504'><subfield code='a'>Includes bibliographical references and indexes.</subfield></datafield><datafield ind1=' ' ind2='0' tag='650'><subfield code='a'>Band music</subfield><subfield code='x'>Analysis, appreciation.</subfield></datafield><datafield ind1=' ' ind2='0' tag='650'><subfield code='a'>Bands (Music)</subfield><subfield code='x'>Instruction and study.</subfield></datafield><datafield ind1=' ' ind2='0' tag='650'><subfield code='a'>School music</subfield><subfield code='x'>Instruction and study.</subfield></datafield><datafield ind1='1' ind2=' ' tag='700'><subfield code='a'>Miles, Richard B.,</subfield><subfield code='d'>1951-</subfield></datafield><datafield ind1='1' ind2=' ' tag='700'><subfield code='a'>Blocher, Larry.</subfield></datafield><datafield ind1=' ' ind2='1' tag='901'><subfield code='i'>39074014654396</subfield><subfield code='l'>pstk</subfield><subfield code='a'>MT125</subfield><subfield code='b'>.T43 1997</subfield><subfield code='c'>v.2</subfield><subfield code='s'>-</subfield><subfield code='t'>0</subfield><subfield code='z'>090</subfield></datafield><datafield ind1=' ' ind2=' ' tag='902'><subfield code='a'>150806</subfield></datafield><datafield ind1=' ' ind2=' ' tag='907'><subfield code='a'>.b24119118</subfield><subfield code='b'>multi</subfield><subfield code='c'>-</subfield></datafield><datafield ind1=' ' ind2=' ' tag='945'><subfield code='l'>pstk </subfield><subfield code='u'>v.v.2</subfield><subfield code='g'>1</subfield></datafield><datafield ind1=' ' ind2=' ' tag='945'><subfield code='l'>pstk </subfield><subfield code='u'>v.v.3</subfield><subfield code='g'>1</subfield></datafield><datafield ind1=' ' ind2=' ' tag='945'><subfield code='l'>pstk </subfield><subfield code='u'>v.v.4</subfield><subfield code='g'>1</subfield></datafield><datafield ind1=' ' ind2=' ' tag='945'><subfield code='l'>pstk </subfield><subfield code='u'>v.v.5</subfield><subfield code='g'>1</subfield></datafield><datafield ind1=' ' ind2=' ' tag='945'><subfield code='l'>pstk </subfield><subfield code='u'>v.v.6</subfield><subfield code='g'>1</subfield></datafield><datafield ind1=' ' ind2=' ' tag='945'><subfield code='l'>pstk </subfield><subfield code='u'>v.v.7</subfield><subfield code='g'>1</subfield></datafield><datafield ind1=' ' ind2=' ' tag='945'><subfield code='l'>pstk </subfield><subfield code='u'>v.v.8</subfield><subfield code='g'>1</subfield></datafield><datafield ind1=' ' ind2=' ' tag='945'><subfield code='l'>muplc</subfield><subfield code='a'>MT125</subfield><subfield code='b'>.T433x</subfield><subfield code='u'>v.v.1</subfield><subfield code='g'>1</subfield></datafield><datafield ind1=' ' ind2=' ' tag='945'><subfield code='l'>muplc</subfield><subfield code='a'>MT125</subfield><subfield code='b'>.T433x</subfield><subfield code='u'>v.v.2</subfield><subfield code='g'>1</subfield></datafield><datafield ind1=' ' ind2=' ' tag='945'><subfield code='l'>muplc</subfield><subfield code='a'>MT125</subfield><subfield code='b'>.T433x</subfield><subfield code='u'>v.v.3</subfield><subfield code='g'>1</subfield></datafield><datafield ind1=' ' ind2=' ' tag='945'><subfield code='l'>muplc</subfield><subfield code='a'>GIA 1997</subfield><subfield code='u'>v.v.1</subfield><subfield code='g'>1</subfield></datafield><datafield ind1=' ' ind2=' ' tag='945'><subfield code='l'>muplc</subfield><subfield code='a'>GIA 1997</subfield><subfield code='u'>v.v.2</subfield><subfield code='g'>1</subfield></datafield><datafield ind1=' ' ind2=' ' tag='945'><subfield code='l'>muplc</subfield><subfield code='a'>GIA 1997</subfield><subfield code='u'>v.v.3</subfield><subfield code='g'>1</subfield></datafield><datafield ind1=' ' ind2=' ' tag='950'><subfield code='l'>P</subfield></datafield><datafield ind1=' ' ind2=' ' tag='979'><subfield code='a'>ocm60785603</subfield></datafield><datafield ind1=' ' ind2=' ' tag='998'><subfield code='b'>18</subfield><subfield code='c'>010606</subfield><subfield code='d'>m</subfield><subfield code='e'>a</subfield><subfield code='f'>-</subfield><subfield code='g'>0</subfield></datafield><datafield ind1=' ' ind2=' ' tag='998'><subfield code='a'>06/05/01</subfield><subfield code='t'>c</subfield><subfield code='s'>9110</subfield><subfield code='l'>PATG</subfield><subfield code='n'>PPT</subfield><subfield code='w'>IDIG99B517</subfield><subfield code='d'>06/05/01</subfield><subfield code='c'>CDC</subfield><subfield code='b'>YL</subfield></datafield><datafield ind1=' ' ind2=' ' tag='ADM'><subfield code='b'>2018-06-18 14:44:23</subfield><subfield code='e'>b24119118-01tuli_inst</subfield><subfield code='d'>ILS</subfield><subfield code='a'>2017-06-20 08:22:39</subfield><subfield code='c'>false</subfield></datafield><datafield ind1='0' ind2=' ' tag='HLD'><subfield code='b'>MAIN</subfield><subfield code='c'>stacks</subfield><subfield code='h'>MT125</subfield><subfield code='i'>.T43 1997</subfield><subfield code='8'>22281173480003811</subfield></datafield><datafield ind1='8' ind2=' ' tag='HLD'><subfield code='b'>PRESSER</subfield><subfield code='c'>plc</subfield><subfield code='h'>MT125 .T433x</subfield><subfield code='8'>22281173400003811</subfield></datafield><datafield ind1=' ' ind2=' ' tag='ITM'><subfield code='r'>22281173480003811</subfield><subfield code='b'>1</subfield><subfield code='h'>0</subfield><subfield code='g'>stacks</subfield><subfield code='t'>BOOK</subfield><subfield code='9'>39074014654396</subfield><subfield code='e'>stacks</subfield><subfield code='8'>23281173470003811</subfield><subfield code='c'>v.2</subfield><subfield code='a'>0</subfield><subfield code='q'>2017-06-20 08:22:39</subfield><subfield code='i'>MT125 .T43 1997</subfield><subfield code='d'>MAIN</subfield><subfield code='f'>MAIN</subfield></datafield><datafield ind1=' ' ind2=' ' tag='ITM'><subfield code='r'>22281173400003811</subfield><subfield code='b'>1</subfield><subfield code='h'>8</subfield><subfield code='g'>plc</subfield><subfield code='t'>BOOK</subfield><subfield code='e'>plc</subfield><subfield code='8'>23281173380003811</subfield><subfield code='c'>v.2</subfield><subfield code='a'>0</subfield><subfield code='q'>2017-06-20 08:22:39</subfield><subfield code='i'>MT125 .T433x</subfield><subfield code='d'>PRESSER</subfield><subfield code='f'>PRESSER</subfield></datafield><datafield ind1=' ' ind2=' ' tag='ITM'><subfield code='r'>22281173400003811</subfield><subfield code='b'>1</subfield><subfield code='h'>8</subfield><subfield code='g'>plc</subfield><subfield code='t'>BOOK</subfield><subfield code='e'>plc</subfield><subfield code='8'>23281173390003811</subfield><subfield code='c'>v.1</subfield><subfield code='a'>0</subfield><subfield code='q'>2017-06-20 08:22:39</subfield><subfield code='i'>MT125 .T433x</subfield><subfield code='d'>PRESSER</subfield><subfield code='f'>PRESSER</subfield></datafield><datafield ind1=' ' ind2=' ' tag='ITM'><subfield code='r'>22281173400003811</subfield><subfield code='b'>1</subfield><subfield code='h'>8</subfield><subfield code='g'>plc</subfield><subfield code='t'>BOOK</subfield><subfield code='e'>plc</subfield><subfield code='8'>23281173370003811</subfield><subfield code='c'>v.3</subfield><subfield code='a'>0</subfield><subfield code='q'>2017-06-20 08:22:39</subfield><subfield code='i'>MT125 .T433x</subfield><subfield code='d'>PRESSER</subfield><subfield code='f'>PRESSER</subfield></datafield><datafield ind1=' ' ind2=' ' tag='ITM'><subfield code='r'>22281173400003811</subfield><subfield code='b'>1</subfield><subfield code='h'>8</subfield><subfield code='g'>plc</subfield><subfield code='t'>BOOK</subfield><subfield code='e'>plc</subfield><subfield code='k'>GIA 1997</subfield><subfield code='8'>23281173360003811</subfield><subfield code='c'>v.1</subfield><subfield code='a'>5</subfield><subfield code='q'>2017-06-20 08:22:39</subfield><subfield code='i'>MT125 .T433x</subfield><subfield code='d'>PRESSER</subfield><subfield code='f'>PRESSER</subfield></datafield><datafield ind1=' ' ind2=' ' tag='ITM'><subfield code='r'>22281173480003811</subfield><subfield code='b'>1</subfield><subfield code='h'>0</subfield><subfield code='g'>stacks</subfield><subfield code='t'>BOOK</subfield><subfield code='9'>39074028222354</subfield><subfield code='e'>stacks</subfield><subfield code='8'>23281173410003811</subfield><subfield code='c'>v.5</subfield><subfield code='a'>0</subfield><subfield code='q'>2017-06-20 08:22:39</subfield><subfield code='i'>MT125 .T43 1997</subfield><subfield code='d'>MAIN</subfield><subfield code='f'>MAIN</subfield></datafield><datafield ind1=' ' ind2=' ' tag='ITM'><subfield code='r'>22281173480003811</subfield><subfield code='b'>1</subfield><subfield code='h'>0</subfield><subfield code='g'>stacks</subfield><subfield code='t'>BOOK</subfield><subfield code='9'>39074028217420</subfield><subfield code='e'>stacks</subfield><subfield code='8'>23281173420003811</subfield><subfield code='c'>v.8</subfield><subfield code='a'>0</subfield><subfield code='q'>2017-06-20 08:22:39</subfield><subfield code='i'>MT125 .T43 1997</subfield><subfield code='d'>MAIN</subfield><subfield code='f'>MAIN</subfield></datafield><datafield ind1=' ' ind2=' ' tag='ITM'><subfield code='r'>22281173400003811</subfield><subfield code='b'>1</subfield><subfield code='h'>8</subfield><subfield code='g'>plc</subfield><subfield code='t'>BOOK</subfield><subfield code='e'>plc</subfield><subfield code='k'>GIA 1997</subfield><subfield code='8'>23281173340003811</subfield><subfield code='c'>v.3</subfield><subfield code='a'>5</subfield><subfield code='q'>2017-06-20 08:22:39</subfield><subfield code='i'>MT125 .T433x</subfield><subfield code='d'>PRESSER</subfield><subfield code='f'>PRESSER</subfield></datafield><datafield ind1=' ' ind2=' ' tag='ITM'><subfield code='r'>22281173400003811</subfield><subfield code='b'>1</subfield><subfield code='h'>8</subfield><subfield code='g'>plc</subfield><subfield code='t'>BOOK</subfield><subfield code='e'>plc</subfield><subfield code='k'>GIA 1997</subfield><subfield code='8'>23281173350003811</subfield><subfield code='c'>v.2</subfield><subfield code='a'>5</subfield><subfield code='q'>2017-06-20 08:22:39</subfield><subfield code='i'>MT125 .T433x</subfield><subfield code='d'>PRESSER</subfield><subfield code='f'>PRESSER</subfield></datafield><datafield ind1=' ' ind2=' ' tag='ITM'><subfield code='r'>22281173480003811</subfield><subfield code='b'>1</subfield><subfield code='h'>0</subfield><subfield code='g'>stacks</subfield><subfield code='t'>BOOK</subfield><subfield code='9'>39074028217438</subfield><subfield code='e'>stacks</subfield><subfield code='8'>23281173430003811</subfield><subfield code='c'>v.7</subfield><subfield code='a'>0</subfield><subfield code='q'>2017-06-20 08:22:39</subfield><subfield code='i'>MT125 .T43 1997</subfield><subfield code='d'>MAIN</subfield><subfield code='f'>MAIN</subfield></datafield><datafield ind1=' ' ind2=' ' tag='ITM'><subfield code='r'>22281173480003811</subfield><subfield code='b'>1</subfield><subfield code='h'>0</subfield><subfield code='g'>stacks</subfield><subfield code='t'>BOOK</subfield><subfield code='9'>39074028217453</subfield><subfield code='e'>stacks</subfield><subfield code='8'>23281173450003811</subfield><subfield code='c'>v.4</subfield><subfield code='a'>0</subfield><subfield code='q'>2017-06-20 08:22:39</subfield><subfield code='i'>MT125 .T43 1997</subfield><subfield code='d'>MAIN</subfield><subfield code='f'>MAIN</subfield></datafield><datafield ind1=' ' ind2=' ' tag='ITM'><subfield code='r'>22281173480003811</subfield><subfield code='b'>1</subfield><subfield code='h'>0</subfield><subfield code='g'>stacks</subfield><subfield code='t'>BOOK</subfield><subfield code='9'>39074028217446</subfield><subfield code='e'>stacks</subfield><subfield code='8'>23281173440003811</subfield><subfield code='c'>v.6</subfield><subfield code='a'>0</subfield><subfield code='q'>2017-06-20 08:22:39</subfield><subfield code='i'>MT125 .T43 1997</subfield><subfield code='d'>MAIN</subfield><subfield code='f'>MAIN</subfield></datafield><datafield ind1=' ' ind2=' ' tag='ITM'><subfield code='r'>22281173480003811</subfield><subfield code='b'>1</subfield><subfield code='h'>0</subfield><subfield code='g'>stacks</subfield><subfield code='t'>BOOK</subfield><subfield code='9'>39074028217461</subfield><subfield code='e'>stacks</subfield><subfield code='8'>23281173460003811</subfield><subfield code='c'>v.3</subfield><subfield code='a'>0</subfield><subfield code='q'>2017-06-20 08:22:39</subfield><subfield code='i'>MT125 .T43 1997</subfield><subfield code='d'>MAIN</subfield><subfield code='f'>MAIN</subfield></datafield></record>