
<record xmlns='http://www.loc.gov/MARC21/slim'><leader>01572nam a2200505 a 4500</leader><controlfield tag='005'>20170825193246.0</controlfield><controlfield tag='008'>951103s1996    iluab    b    001 0 eng  </controlfield><controlfield tag='001'>991036463389703811</controlfield><datafield ind1=' ' ind2=' ' tag='010'><subfield code='a'>95043267</subfield></datafield><datafield ind1=' ' ind2=' ' tag='020'><subfield code='a'>0226816265 (cloth : alk. paper)</subfield></datafield><datafield ind1=' ' ind2=' ' tag='020'><subfield code='a'>0226816273 (paper : alk. paper)</subfield></datafield><datafield ind1=' ' ind2=' ' tag='035'><subfield code='a'>(PPT)b17614855-01tuli_inst</subfield></datafield><datafield ind1=' ' ind2=' ' tag='035'><subfield code='a'>(DLC    )ocn477909806</subfield><subfield code='9'>ExL</subfield></datafield><datafield ind1=' ' ind2=' ' tag='035'><subfield code='a'>DLC   95043267</subfield></datafield><datafield ind1=' ' ind2=' ' tag='035'><subfield code='a'>ocm33667839</subfield></datafield><datafield ind1=' ' ind2=' ' tag='035'><subfield code='a'>(OCLC)ocm33667839</subfield></datafield><datafield ind1=' ' ind2=' ' tag='040'><subfield code='a'>DLC</subfield><subfield code='c'>DLC</subfield><subfield code='d'>DLC</subfield></datafield><datafield ind1=' ' ind2=' ' tag='079'><subfield code='a'>ocm33667839</subfield></datafield><datafield ind1=' ' ind2=' ' tag='090'><subfield code='a'>LB2369.T8 1996</subfield></datafield><datafield ind1='1' ind2=' ' tag='100'><subfield code='a'>Turabian, Kate L.</subfield></datafield><datafield ind1='1' ind2='2' tag='245'><subfield code='a'>A manual for writers of term papers, theses, and dissertations /</subfield><subfield code='c'>Kate L. Turabian.</subfield></datafield><datafield ind1=' ' ind2=' ' tag='250'><subfield code='a'>6th ed. / rev. by John Grossman and Alice Bennett.</subfield></datafield><datafield ind1=' ' ind2=' ' tag='260'><subfield code='a'>Chicago :</subfield><subfield code='b'>University of Chicago Press,</subfield><subfield code='c'>1996.</subfield></datafield><datafield ind1=' ' ind2=' ' tag='300'><subfield code='a'>ix, 308 p. :</subfield><subfield code='b'>ill., map ;</subfield><subfield code='c'>23 cm.</subfield></datafield><datafield ind1=' ' ind2='0' tag='440'><subfield code='a'>Chicago guides to writing, editing, and publishing</subfield></datafield><datafield ind1=' ' ind2=' ' tag='504'><subfield code='a'>Includes bibliographical references (p. 283-286) and index.</subfield></datafield><datafield ind1=' ' ind2='0' tag='650'><subfield code='a'>Dissertations, Academic.</subfield></datafield><datafield ind1=' ' ind2='0' tag='650'><subfield code='a'>Report writing.</subfield></datafield><datafield ind1='1' ind2=' ' tag='700'><subfield code='a'>Grossman, John,</subfield><subfield code='d'>1924-</subfield></datafield><datafield ind1='1' ind2=' ' tag='700'><subfield code='a'>Bennett, Alice,</subfield><subfield code='d'>1938-</subfield></datafield><datafield ind1=' ' ind2=' ' tag='902'><subfield code='a'>160318</subfield></datafield><datafield ind1=' ' ind2=' ' tag='907'><subfield code='a'>.b17614855</subfield><subfield code='b'>multi</subfield><subfield code='c'>-</subfield></datafield><datafield ind1=' ' ind2=' ' tag='935'><subfield code='a'>00828354</subfield></datafield><datafield ind1=' ' ind2=' ' tag='935'><subfield code='a'>7166</subfield></datafield><datafield ind1=' ' ind2=' ' tag='945'><subfield code='l'>astk </subfield><subfield code='g'>1</subfield></datafield><datafield ind1=' ' ind2=' ' tag='945'><subfield code='l'>dstk </subfield><subfield code='g'>1</subfield></datafield><datafield ind1=' ' ind2=' ' tag='945'><subfield code='l'>hkbst</subfield><subfield code='a'>Z 253 </subfield><subfield code='b'>T929m 1996</subfield><subfield code='g'>1</subfield></datafield><datafield ind1=' ' ind2=' ' tag='945'><subfield code='l'>hkbst</subfield><subfield code='a'>Z 253 T929m 1996</subfield><subfield code='g'>1</subfield></datafield><datafield ind1=' ' ind2=' ' tag='945'><subfield code='l'>pstk </subfield><subfield code='g'>1</subfield></datafield><datafield ind1=' ' ind2=' ' tag='945'><subfield code='l'>pstk </subfield><subfield code='g'>1</subfield></datafield><datafield ind1=' ' ind2=' ' tag='945'><subfield code='l'>pstk </subfield><subfield code='g'>1</subfield></datafield><datafield ind1=' ' ind2=' ' tag='945'><subfield code='l'>pstk </subfield><subfield code='g'>1</subfield></datafield><datafield ind1=' ' ind2=' ' tag='945'><subfield code='l'>muplc</subfield><subfield code='g'>1</subfield></datafield><datafield ind1=' ' ind2=' ' tag='979'><subfield code='a'>ocm33667839</subfield></datafield><datafield ind1=' ' ind2=' ' tag='998'><subfield code='b'>13</subfield><subfield code='c'>990101</subfield><subfield code='d'>m</subfield><subfield code='e'>a</subfield><subfield code='f'>-</subfield><subfield code='g'>2</subfield></datafield><datafield ind1=' ' ind2=' ' tag='ADM'><subfield code='b'>2018-03-16 01:57:57</subfield><subfield code='e'>b17614855-01tuli_inst</subfield><subfield code='d'>ILS</subfield><subfield code='a'>2017-06-20 09:45:04</subfield><subfield code='c'>false</subfield></datafield><datafield ind1='0' ind2=' ' tag='HLD'><subfield code='b'>PRESSER</subfield><subfield code='c'>plc</subfield><subfield code='h'>LB2369.T8 1996</subfield><subfield code='8'>22296777490003811</subfield></datafield><datafield ind1='0' ind2=' ' tag='HLD'><subfield code='b'>AMBLER</subfield><subfield code='c'>stacks</subfield><subfield code='h'>LB2369.T8 1996</subfield><subfield code='8'>22296777510003811</subfield></datafield><datafield ind1='0' ind2=' ' tag='HLD'><subfield code='b'>GINSBURG</subfield><subfield code='c'>stacks</subfield><subfield code='h'>Z 253  T929m 1996</subfield><subfield code='8'>22296777560003811</subfield></datafield><datafield ind1='0' ind2=' ' tag='HLD'><subfield code='b'>HARRISBURG</subfield><subfield code='c'>stacks</subfield><subfield code='h'>LB2369.T8 1996</subfield><subfield code='8'>22296777530003811</subfield></datafield><datafield ind1='0' ind2=' ' tag='HLD'><subfield code='b'>MAIN</subfield><subfield code='c'>stacks</subfield><subfield code='h'>LB2369.T8 1996</subfield><subfield code='8'>22296777610003811</subfield></datafield><datafield ind1=' ' ind2=' ' tag='ITM'><subfield code='r'>22296777490003811</subfield><subfield code='b'>1</subfield><subfield code='h'>0</subfield><subfield code='g'>plc</subfield><subfield code='t'>BOOK</subfield><subfield code='e'>plc</subfield><subfield code='8'>23296777480003811</subfield><subfield code='a'>0</subfield><subfield code='q'>2017-06-20 09:45:04</subfield><subfield code='i'>LB2369.T8 1996</subfield><subfield code='d'>PRESSER</subfield><subfield code='f'>PRESSER</subfield></datafield><datafield ind1=' ' ind2=' ' tag='ITM'><subfield code='r'>22296777560003811</subfield><subfield code='b'>1</subfield><subfield code='h'>0</subfield><subfield code='g'>stacks</subfield><subfield code='t'>BOOK</subfield><subfield code='9'>39074900027202</subfield><subfield code='e'>stacks</subfield><subfield code='k'>Z 253 T929m 1996</subfield><subfield code='8'>23296777540003811</subfield><subfield code='a'>0</subfield><subfield code='q'>2017-06-20 09:45:04</subfield><subfield code='i'>Z 253 T929m 1996</subfield><subfield code='d'>GINSBURG</subfield><subfield code='f'>GINSBURG</subfield></datafield><datafield ind1=' ' ind2=' ' tag='ITM'><subfield code='r'>22296777610003811</subfield><subfield code='b'>1</subfield><subfield code='h'>0</subfield><subfield code='g'>stacks</subfield><subfield code='t'>BOOK</subfield><subfield code='9'>39074010754281</subfield><subfield code='e'>stacks</subfield><subfield code='8'>23296777580003811</subfield><subfield code='a'>0</subfield><subfield code='q'>2017-06-20 09:45:04</subfield><subfield code='i'>LB2369.T8 1996</subfield><subfield code='d'>MAIN</subfield><subfield code='f'>MAIN</subfield></datafield><datafield ind1=' ' ind2=' ' tag='ITM'><subfield code='r'>22296777510003811</subfield><subfield code='b'>1</subfield><subfield code='h'>0</subfield><subfield code='g'>stacks</subfield><subfield code='t'>BOOK</subfield><subfield code='9'>39074014476758</subfield><subfield code='e'>stacks</subfield><subfield code='8'>23296777500003811</subfield><subfield code='a'>0</subfield><subfield code='q'>2017-06-20 09:45:04</subfield><subfield code='i'>LB2369.T8 1996</subfield><subfield code='d'>AMBLER</subfield><subfield code='f'>AMBLER</subfield></datafield><datafield ind1=' ' ind2=' ' tag='ITM'><subfield code='r'>22296777560003811</subfield><subfield code='b'>1</subfield><subfield code='h'>0</subfield><subfield code='g'>stacks</subfield><subfield code='t'>BOOK</subfield><subfield code='9'>39074500139027</subfield><subfield code='e'>stacks</subfield><subfield code='8'>23296777550003811</subfield><subfield code='a'>0</subfield><subfield code='q'>2017-06-20 09:45:04</subfield><subfield code='i'>Z 253 T929m 1996</subfield><subfield code='d'>GINSBURG</subfield><subfield code='f'>GINSBURG</subfield></datafield><datafield ind1=' ' ind2=' ' tag='ITM'><subfield code='r'>22296777610003811</subfield><subfield code='b'>1</subfield><subfield code='h'>0</subfield><subfield code='g'>stacks</subfield><subfield code='t'>BOOK</subfield><subfield code='9'>39074017276908</subfield><subfield code='e'>stacks</subfield><subfield code='8'>23296777570003811</subfield><subfield code='a'>0</subfield><subfield code='q'>2017-06-20 09:45:04</subfield><subfield code='i'>LB2369.T8 1996</subfield><subfield code='d'>MAIN</subfield><subfield code='f'>MAIN</subfield></datafield><datafield ind1=' ' ind2=' ' tag='ITM'><subfield code='r'>22296777610003811</subfield><subfield code='b'>1</subfield><subfield code='h'>0</subfield><subfield code='g'>stacks</subfield><subfield code='t'>BOOK</subfield><subfield code='9'>39074010583086</subfield><subfield code='e'>stacks</subfield><subfield code='8'>23296777590003811</subfield><subfield code='a'>0</subfield><subfield code='q'>2017-06-20 09:45:04</subfield><subfield code='i'>LB2369.T8 1996</subfield><subfield code='d'>MAIN</subfield><subfield code='f'>MAIN</subfield></datafield><datafield ind1=' ' ind2=' ' tag='ITM'><subfield code='r'>22296777530003811</subfield><subfield code='b'>1</subfield><subfield code='h'>0</subfield><subfield code='g'>stacks</subfield><subfield code='t'>BOOK</subfield><subfield code='9'>39074015958002</subfield><subfield code='e'>stacks</subfield><subfield code='8'>23296777520003811</subfield><subfield code='a'>0</subfield><subfield code='q'>2017-06-20 09:45:04</subfield><subfield code='i'>LB2369.T8 1996</subfield><subfield code='d'>HARRISBURG</subfield><subfield code='f'>HARRISBURG</subfield></datafield><datafield ind1=' ' ind2=' ' tag='ITM'><subfield code='r'>22296777610003811</subfield><subfield code='b'>1</subfield><subfield code='h'>0</subfield><subfield code='g'>stacks</subfield><subfield code='t'>BOOK</subfield><subfield code='9'>39074010583094</subfield><subfield code='e'>stacks</subfield><subfield code='8'>23296777600003811</subfield><subfield code='a'>0</subfield><subfield code='q'>2017-06-20 09:45:04</subfield><subfield code='i'>LB2369.T8 1996</subfield><subfield code='d'>MAIN</subfield><subfield code='f'>MAIN</subfield></datafield></record>