
<record xmlns='http://www.loc.gov/MARC21/slim'><leader>01256nam a2200409 a 4500</leader><controlfield tag='005'>20170825195434.0</controlfield><controlfield tag='008'>971006s1996    txua     b    001 0 eng  </controlfield><controlfield tag='001'>991000993339703811</controlfield><datafield ind1=' ' ind2=' ' tag='010'><subfield code='a'>96076836 /MN/r97</subfield></datafield><datafield ind1=' ' ind2=' ' tag='020'><subfield code='a'>096488030X</subfield></datafield><datafield ind1=' ' ind2=' ' tag='035'><subfield code='a'>(PPT)b17871098-01tuli_inst</subfield></datafield><datafield ind1=' ' ind2=' ' tag='035'><subfield code='a'>(CStRLIN)ocn480514539</subfield><subfield code='9'>ExL</subfield></datafield><datafield ind1=' ' ind2=' ' tag='035'><subfield code='a'>PATG97-B20278</subfield></datafield><datafield ind1=' ' ind2=' ' tag='035'><subfield code='a'>ocm36387762</subfield></datafield><datafield ind1=' ' ind2=' ' tag='035'><subfield code='a'>(OCLC)ocm36387762</subfield></datafield><datafield ind1=' ' ind2=' ' tag='040'><subfield code='a'>DLC</subfield><subfield code='c'>DLC</subfield><subfield code='d'>DLC</subfield></datafield><datafield ind1=' ' ind2=' ' tag='079'><subfield code='a'>ocm36387762</subfield></datafield><datafield ind1=' ' ind2=' ' tag='090'><subfield code='a'>ML3830.H2 1996</subfield></datafield><datafield ind1='0' ind2='0' tag='245'><subfield code='a'>Handbook of music psychology /</subfield><subfield code='c'>Donald A. Hodges, editor.</subfield></datafield><datafield ind1=' ' ind2=' ' tag='250'><subfield code='a'>2nd ed.</subfield></datafield><datafield ind1=' ' ind2=' ' tag='260'><subfield code='a'>San Antonio :</subfield><subfield code='b'>IMR Press,</subfield><subfield code='c'>c1996.</subfield></datafield><datafield ind1=' ' ind2=' ' tag='300'><subfield code='a'>xii, 589 p. :</subfield><subfield code='b'>ill. ;</subfield><subfield code='c'>23 cm.</subfield></datafield><datafield ind1=' ' ind2=' ' tag='504'><subfield code='a'>Includes bibliographical references and indexes.</subfield></datafield><datafield ind1=' ' ind2='0' tag='650'><subfield code='a'>Music</subfield><subfield code='x'>Psychological aspects.</subfield></datafield><datafield ind1=' ' ind2='0' tag='650'><subfield code='a'>Music therapy.</subfield></datafield><datafield ind1='1' ind2=' ' tag='700'><subfield code='a'>Hodges, Donald A.</subfield></datafield><datafield ind1=' ' ind2=' ' tag='902'><subfield code='a'>140110</subfield></datafield><datafield ind1=' ' ind2=' ' tag='907'><subfield code='a'>.b17871098</subfield><subfield code='b'>multi</subfield><subfield code='c'>-</subfield></datafield><datafield ind1=' ' ind2=' ' tag='935'><subfield code='a'>00856084</subfield></datafield><datafield ind1=' ' ind2=' ' tag='945'><subfield code='l'>pstk </subfield><subfield code='g'>1</subfield></datafield><datafield ind1=' ' ind2=' ' tag='945'><subfield code='l'>muplc</subfield><subfield code='a'>ML3830</subfield><subfield code='b'>.H363x 1996</subfield><subfield code='g'>1</subfield></datafield><datafield ind1=' ' ind2=' ' tag='945'><subfield code='l'>muplc</subfield><subfield code='a'>ML3830</subfield><subfield code='b'>.H363x 1996</subfield><subfield code='g'>2</subfield></datafield><datafield ind1=' ' ind2=' ' tag='950'><subfield code='l'>P</subfield><subfield code='i'>10/06/97 N</subfield></datafield><datafield ind1=' ' ind2=' ' tag='955'><subfield code='l'>P</subfield><subfield code='c'>0</subfield><subfield code='r'>39074010625721</subfield><subfield code='i'>10/06/97 C</subfield></datafield><datafield ind1=' ' ind2=' ' tag='979'><subfield code='a'>ocm36387762</subfield></datafield><datafield ind1=' ' ind2=' ' tag='998'><subfield code='b'>3</subfield><subfield code='c'>990101</subfield><subfield code='d'>m</subfield><subfield code='e'>a</subfield><subfield code='f'>-</subfield><subfield code='g'>0</subfield></datafield><datafield ind1=' ' ind2=' ' tag='998'><subfield code='a'>10/06/97</subfield><subfield code='t'>c</subfield><subfield code='s'>9110</subfield><subfield code='l'>PATG</subfield><subfield code='n'>PPT</subfield><subfield code='w'>DCLC9676836B</subfield><subfield code='d'>10/06/97</subfield><subfield code='b'>LS</subfield></datafield><datafield ind1=' ' ind2=' ' tag='ADM'><subfield code='b'>2018-06-18 16:21:15</subfield><subfield code='e'>b17871098-01tuli_inst</subfield><subfield code='d'>ILS</subfield><subfield code='a'>2017-06-20 14:11:07</subfield><subfield code='c'>false</subfield></datafield><datafield ind1='8' ind2=' ' tag='HLD'><subfield code='b'>PRESSER</subfield><subfield code='c'>plc</subfield><subfield code='h'>ML3830 .H363x 1996</subfield><subfield code='8'>22329894230003811</subfield></datafield><datafield ind1='0' ind2=' ' tag='HLD'><subfield code='b'>MAIN</subfield><subfield code='c'>stacks</subfield><subfield code='h'>ML3830.H2 1996</subfield><subfield code='8'>22329894250003811</subfield></datafield><datafield ind1=' ' ind2=' ' tag='ITM'><subfield code='r'>22329894230003811</subfield><subfield code='b'>1</subfield><subfield code='h'>8</subfield><subfield code='g'>plc</subfield><subfield code='t'>BOOK</subfield><subfield code='e'>plc</subfield><subfield code='8'>23329894210003811</subfield><subfield code='a'>0</subfield><subfield code='q'>2017-06-20 14:11:07</subfield><subfield code='i'>ML3830 .H363x 1996</subfield><subfield code='d'>PRESSER</subfield><subfield code='f'>PRESSER</subfield></datafield><datafield ind1=' ' ind2=' ' tag='ITM'><subfield code='r'>22329894230003811</subfield><subfield code='b'>1</subfield><subfield code='h'>8</subfield><subfield code='g'>plc</subfield><subfield code='t'>BOOK</subfield><subfield code='e'>plc</subfield><subfield code='8'>23329894220003811</subfield><subfield code='a'>0</subfield><subfield code='q'>2017-06-20 14:11:07</subfield><subfield code='i'>ML3830 .H363x 1996</subfield><subfield code='d'>PRESSER</subfield><subfield code='f'>PRESSER</subfield></datafield><datafield ind1=' ' ind2=' ' tag='ITM'><subfield code='r'>22329894250003811</subfield><subfield code='b'>1</subfield><subfield code='h'>0</subfield><subfield code='g'>stacks</subfield><subfield code='t'>BOOK</subfield><subfield code='9'>39074010625721</subfield><subfield code='e'>stacks</subfield><subfield code='8'>23329894240003811</subfield><subfield code='a'>0</subfield><subfield code='q'>2017-06-20 14:11:07</subfield><subfield code='i'>ML3830.H2 1996</subfield><subfield code='d'>MAIN</subfield><subfield code='f'>MAIN</subfield></datafield></record>