
<record xmlns='http://www.loc.gov/MARC21/slim'><leader>01369pam a2200433 a 4500</leader><controlfield tag='005'>20170825184920.0</controlfield><controlfield tag='008'>941216s1996    njuab    bkq  001 0 eng  </controlfield><controlfield tag='001'>991034877899703811</controlfield><datafield ind1=' ' ind2=' ' tag='010'><subfield code='a'>94048578</subfield></datafield><datafield ind1=' ' ind2=' ' tag='020'><subfield code='a'>0131823876</subfield></datafield><datafield ind1=' ' ind2=' ' tag='035'><subfield code='a'>(PPT)b26507006-01tuli_inst</subfield></datafield><datafield ind1=' ' ind2=' ' tag='035'><subfield code='a'>(OCoLC)ocn489491590</subfield><subfield code='9'>ExL</subfield></datafield><datafield ind1=' ' ind2=' ' tag='035'><subfield code='a'>ocm31815127 </subfield></datafield><datafield ind1=' ' ind2=' ' tag='035'><subfield code='a'>ocm31815127</subfield></datafield><datafield ind1=' ' ind2=' ' tag='035'><subfield code='a'>(OCLC)ocm31815127</subfield></datafield><datafield ind1=' ' ind2=' ' tag='040'><subfield code='a'>DLC</subfield><subfield code='c'>DLC</subfield></datafield><datafield ind1=' ' ind2=' ' tag='043'><subfield code='a'>a------</subfield><subfield code='a'>po-----</subfield></datafield><datafield ind1=' ' ind2=' ' tag='049'><subfield code='a'>TEUX</subfield></datafield><datafield ind1=' ' ind2=' ' tag='079'><subfield code='a'>ocm31815127</subfield></datafield><datafield ind1=' ' ind2=' ' tag='090'><subfield code='a'>ML330</subfield><subfield code='b'>.M3 1996</subfield></datafield><datafield ind1='1' ind2=' ' tag='100'><subfield code='a'>Malm, William P.</subfield></datafield><datafield ind1='1' ind2='0' tag='245'><subfield code='a'>Music cultures of the Pacific, the Near East, and Asia /</subfield><subfield code='c'>William P. Malm.</subfield></datafield><datafield ind1=' ' ind2=' ' tag='250'><subfield code='a'>3rd ed.</subfield></datafield><datafield ind1=' ' ind2=' ' tag='260'><subfield code='a'>Upper Saddle River, N.J. :</subfield><subfield code='b'>Prentice Hall,</subfield><subfield code='c'>c1996.</subfield></datafield><datafield ind1=' ' ind2=' ' tag='300'><subfield code='a'>xxiii, 278 p. :</subfield><subfield code='b'>ill., map ;</subfield><subfield code='c'>23 cm.</subfield></datafield><datafield ind1='1' ind2=' ' tag='490'><subfield code='a'>Prentice Hall history of music series.</subfield></datafield><datafield ind1=' ' ind2=' ' tag='504'><subfield code='a'>Includes bibliographical references, discographies, videographies, and indexes.</subfield></datafield><datafield ind1=' ' ind2=' ' tag='541'><subfield code='a'>Snook,  Patrick ;</subfield><subfield code='c'>Gift ;</subfield><subfield code='d'>2008</subfield></datafield><datafield ind1=' ' ind2='0' tag='650'><subfield code='a'>Music</subfield><subfield code='z'>Asia</subfield><subfield code='x'>History and criticism.</subfield></datafield><datafield ind1=' ' ind2='0' tag='650'><subfield code='a'>Music</subfield><subfield code='z'>Oceania</subfield><subfield code='x'>History and criticism.</subfield></datafield><datafield ind1=' ' ind2='0' tag='830'><subfield code='a'>Prentice-Hall history of music series.</subfield></datafield><datafield ind1=' ' ind2=' ' tag='902'><subfield code='a'>140306</subfield></datafield><datafield ind1=' ' ind2=' ' tag='907'><subfield code='a'>.b26507006</subfield><subfield code='b'>multi</subfield><subfield code='c'>-</subfield></datafield><datafield ind1=' ' ind2=' ' tag='935'><subfield code='a'>2952</subfield></datafield><datafield ind1=' ' ind2=' ' tag='945'><subfield code='l'>pstk </subfield><subfield code='g'>1</subfield></datafield><datafield ind1=' ' ind2=' ' tag='945'><subfield code='l'>muplc</subfield><subfield code='g'>1</subfield></datafield><datafield ind1=' ' ind2=' ' tag='979'><subfield code='a'>ocm31815127</subfield></datafield><datafield ind1=' ' ind2=' ' tag='998'><subfield code='b'>2</subfield><subfield code='c'>030712</subfield><subfield code='d'>m</subfield><subfield code='e'>a</subfield><subfield code='f'>-</subfield><subfield code='g'>0</subfield></datafield><datafield ind1=' ' ind2=' ' tag='998'><subfield code='b'>1</subfield><subfield code='c'>030712</subfield><subfield code='d'>m</subfield><subfield code='e'>a</subfield><subfield code='f'>n</subfield><subfield code='g'>0</subfield></datafield><datafield ind1=' ' ind2=' ' tag='ADM'><subfield code='b'>2017-08-25 22:49:20</subfield><subfield code='e'>b26507006-01tuli_inst</subfield><subfield code='d'>ILS</subfield><subfield code='a'>2017-06-20 14:08:30</subfield><subfield code='c'>false</subfield></datafield><datafield ind1='0' ind2=' ' tag='HLD'><subfield code='b'>MAIN</subfield><subfield code='c'>stacks</subfield><subfield code='h'>ML330</subfield><subfield code='i'>.M3 1996</subfield><subfield code='8'>22329594210003811</subfield></datafield><datafield ind1='0' ind2=' ' tag='HLD'><subfield code='b'>PRESSER</subfield><subfield code='c'>plc</subfield><subfield code='h'>ML330</subfield><subfield code='i'>.M3 1996</subfield><subfield code='8'>22329594190003811</subfield></datafield><datafield ind1=' ' ind2=' ' tag='ITM'><subfield code='r'>22329594210003811</subfield><subfield code='b'>1</subfield><subfield code='h'>0</subfield><subfield code='g'>stacks</subfield><subfield code='t'>BOOK</subfield><subfield code='9'>39074023553332</subfield><subfield code='e'>stacks</subfield><subfield code='8'>23329594200003811</subfield><subfield code='a'>0</subfield><subfield code='q'>2017-06-20 14:08:30</subfield><subfield code='i'>ML330 .M3 1996</subfield><subfield code='d'>MAIN</subfield><subfield code='f'>MAIN</subfield></datafield><datafield ind1=' ' ind2=' ' tag='ITM'><subfield code='r'>22329594190003811</subfield><subfield code='b'>1</subfield><subfield code='h'>0</subfield><subfield code='g'>plc</subfield><subfield code='t'>BOOK</subfield><subfield code='e'>plc</subfield><subfield code='8'>23329594180003811</subfield><subfield code='a'>0</subfield><subfield code='q'>2017-06-20 14:08:30</subfield><subfield code='i'>ML330 .M3 1996</subfield><subfield code='d'>PRESSER</subfield><subfield code='f'>PRESSER</subfield></datafield></record>