
<record xmlns='http://www.loc.gov/MARC21/slim'><leader>01119pam a2200349 a 4500</leader><controlfield tag='005'>20170826032310.0</controlfield><controlfield tag='008'>950714s1996    nyua     b    001 0 eng  </controlfield><controlfield tag='001'>991036096579703811</controlfield><datafield ind1=' ' ind2=' ' tag='010'><subfield code='a'>95023834</subfield></datafield><datafield ind1=' ' ind2=' ' tag='020'><subfield code='a'>0195100891 (cloth)</subfield></datafield><datafield ind1=' ' ind2=' ' tag='035'><subfield code='a'>(PPT)b17522420-01tuli_inst</subfield></datafield><datafield ind1=' ' ind2=' ' tag='035'><subfield code='a'>(DLC    )ocn477543189</subfield><subfield code='9'>ExL</subfield></datafield><datafield ind1=' ' ind2=' ' tag='035'><subfield code='a'>DLC   95023834</subfield></datafield><datafield ind1=' ' ind2=' ' tag='035'><subfield code='a'>ocm32893226</subfield></datafield><datafield ind1=' ' ind2=' ' tag='035'><subfield code='a'>(OCLC)ocm32893226</subfield></datafield><datafield ind1=' ' ind2=' ' tag='040'><subfield code='a'>DLC</subfield><subfield code='c'>DLC</subfield><subfield code='d'>OrLoB</subfield><subfield code='d'>OrLoB</subfield></datafield><datafield ind1=' ' ind2=' ' tag='043'><subfield code='a'>n-us---</subfield></datafield><datafield ind1=' ' ind2=' ' tag='079'><subfield code='a'>ocm32893226</subfield></datafield><datafield ind1=' ' ind2=' ' tag='090'><subfield code='a'>LB1591.5.U57F68 1996</subfield></datafield><datafield ind1='1' ind2=' ' tag='100'><subfield code='a'>Fowler, Charles B.</subfield></datafield><datafield ind1='1' ind2='0' tag='245'><subfield code='a'>Strong arts, strong schools :</subfield><subfield code='b'>the promising potential and shortsighted disregard of the arts in American schooling /</subfield><subfield code='c'>Charles Fowler.</subfield></datafield><datafield ind1=' ' ind2=' ' tag='260'><subfield code='a'>New York :</subfield><subfield code='b'>Oxford University Press,</subfield><subfield code='c'>1996.</subfield></datafield><datafield ind1=' ' ind2=' ' tag='300'><subfield code='a'>vii, 227 p. :</subfield><subfield code='b'>ill. ;</subfield><subfield code='c'>25 cm.</subfield></datafield><datafield ind1=' ' ind2=' ' tag='504'><subfield code='a'>Includes bibliographical references and index.</subfield></datafield><datafield ind1=' ' ind2='0' tag='650'><subfield code='a'>Arts</subfield><subfield code='x'>Study and teaching</subfield><subfield code='z'>United States.</subfield></datafield><datafield ind1=' ' ind2=' ' tag='902'><subfield code='a'>110510</subfield></datafield><datafield ind1=' ' ind2=' ' tag='907'><subfield code='a'>.b17522420</subfield><subfield code='b'>multi</subfield><subfield code='c'>-</subfield></datafield><datafield ind1=' ' ind2=' ' tag='935'><subfield code='a'>00818595</subfield></datafield><datafield ind1=' ' ind2=' ' tag='945'><subfield code='l'>pstk </subfield><subfield code='g'>1</subfield></datafield><datafield ind1=' ' ind2=' ' tag='945'><subfield code='l'>muplc</subfield><subfield code='g'>1</subfield></datafield><datafield ind1=' ' ind2=' ' tag='979'><subfield code='a'>ocm32893226</subfield></datafield><datafield ind1=' ' ind2=' ' tag='998'><subfield code='b'>2</subfield><subfield code='c'>990101</subfield><subfield code='d'>m</subfield><subfield code='e'>a</subfield><subfield code='f'>-</subfield><subfield code='g'>0</subfield></datafield><datafield ind1=' ' ind2=' ' tag='ADM'><subfield code='b'>2018-06-20 04:49:34</subfield><subfield code='e'>b17522420-01tuli_inst</subfield><subfield code='d'>ILS</subfield><subfield code='a'>2017-06-20 06:25:41</subfield><subfield code='c'>false</subfield></datafield><datafield ind1='0' ind2=' ' tag='HLD'><subfield code='b'>MAIN</subfield><subfield code='c'>stacks</subfield><subfield code='h'>LB1591.5.U57F68 1996</subfield><subfield code='8'>22247546360003811</subfield></datafield><datafield ind1='0' ind2=' ' tag='HLD'><subfield code='b'>PRESSER</subfield><subfield code='c'>plc</subfield><subfield code='h'>LB1591.5.U57F68 1996</subfield><subfield code='8'>22247546310003811</subfield></datafield><datafield ind1=' ' ind2=' ' tag='ITM'><subfield code='r'>22247546360003811</subfield><subfield code='b'>1</subfield><subfield code='h'>0</subfield><subfield code='g'>stacks</subfield><subfield code='t'>BOOK</subfield><subfield code='9'>39074011046778</subfield><subfield code='e'>stacks</subfield><subfield code='8'>23247546320003811</subfield><subfield code='a'>0</subfield><subfield code='q'>2017-06-20 06:25:41</subfield><subfield code='i'>LB1591.5.U57F68 1996</subfield><subfield code='d'>MAIN</subfield><subfield code='f'>MAIN</subfield></datafield><datafield ind1=' ' ind2=' ' tag='ITM'><subfield code='r'>22247546310003811</subfield><subfield code='b'>1</subfield><subfield code='h'>0</subfield><subfield code='g'>plc</subfield><subfield code='t'>BOOK</subfield><subfield code='e'>plc</subfield><subfield code='8'>23247546300003811</subfield><subfield code='a'>0</subfield><subfield code='q'>2017-06-20 06:25:41</subfield><subfield code='i'>LB1591.5.U57F68 1996</subfield><subfield code='d'>PRESSER</subfield><subfield code='f'>PRESSER</subfield></datafield></record>