
<record xmlns='http://www.loc.gov/MARC21/slim'><leader>01209nam a2200373   4500</leader><controlfield tag='005'>20180315125320.0</controlfield><controlfield tag='008'>950421s1996    caua          001 0 eng  </controlfield><controlfield tag='001'>991034518779703811</controlfield><datafield ind1=' ' ind2=' ' tag='010'><subfield code='a'>95016504</subfield></datafield><datafield ind1=' ' ind2=' ' tag='020'><subfield code='a'>0787901202 (alk. paper)</subfield></datafield><datafield ind1=' ' ind2=' ' tag='035'><subfield code='a'>(PPT)b17123197-01tuli_inst</subfield></datafield><datafield ind1=' ' ind2=' ' tag='035'><subfield code='a'>(DLC    )ocn477124976</subfield><subfield code='9'>ExL</subfield></datafield><datafield ind1=' ' ind2=' ' tag='035'><subfield code='a'>DLC   95016504</subfield></datafield><datafield ind1=' ' ind2=' ' tag='035'><subfield code='a'>ocm32467807</subfield></datafield><datafield ind1=' ' ind2=' ' tag='035'><subfield code='a'>(OCLC)ocm32467807</subfield></datafield><datafield ind1=' ' ind2=' ' tag='040'><subfield code='a'>DLC</subfield><subfield code='c'>DLC</subfield><subfield code='d'>DLC</subfield></datafield><datafield ind1=' ' ind2=' ' tag='079'><subfield code='a'>ocm32467807</subfield></datafield><datafield ind1=' ' ind2=' ' tag='090'><subfield code='a'>HN29.S6915 1996</subfield></datafield><datafield ind1='1' ind2=' ' tag='100'><subfield code='a'>Sudman, Seymour.</subfield></datafield><datafield ind1='1' ind2='0' tag='245'><subfield code='a'>Thinking about answers :</subfield><subfield code='b'>the application of cognitive processes to survey methodology /</subfield><subfield code='c'>Seymour Sudman, Norman M. Bradburn, Norbert Schwarz.</subfield></datafield><datafield ind1=' ' ind2=' ' tag='250'><subfield code='a'>1st ed.</subfield></datafield><datafield ind1=' ' ind2=' ' tag='260'><subfield code='a'>San Francisco :</subfield><subfield code='b'>Jossey-Bass Publishers,</subfield><subfield code='c'>c1996.</subfield></datafield><datafield ind1=' ' ind2=' ' tag='300'><subfield code='a'>xiv, 304 p. :</subfield><subfield code='b'>ill. ;</subfield><subfield code='c'>24 cm.</subfield></datafield><datafield ind1=' ' ind2=' ' tag='504'><subfield code='a'>Includes bibliographical references (p. 269-293) and indexes.</subfield></datafield><datafield ind1=' ' ind2='0' tag='650'><subfield code='a'>Social surveys</subfield><subfield code='x'>Methodology.</subfield></datafield><datafield ind1=' ' ind2='0' tag='650'><subfield code='a'>Cognition.</subfield></datafield><datafield ind1='1' ind2=' ' tag='700'><subfield code='a'>Bradburn, Norman M.</subfield></datafield><datafield ind1='1' ind2=' ' tag='700'><subfield code='a'>Schwarz, Norbert,</subfield><subfield code='c'>Dr. phil.</subfield></datafield><datafield ind1=' ' ind2=' ' tag='907'><subfield code='a'>.b17123197</subfield><subfield code='b'>multi</subfield><subfield code='c'>-</subfield></datafield><datafield ind1=' ' ind2=' ' tag='935'><subfield code='a'>00774836</subfield></datafield><datafield ind1=' ' ind2=' ' tag='945'><subfield code='l'>pstk </subfield><subfield code='g'>1</subfield></datafield><datafield ind1=' ' ind2=' ' tag='945'><subfield code='l'>muplc</subfield><subfield code='g'>1</subfield></datafield><datafield ind1=' ' ind2=' ' tag='979'><subfield code='a'>ocm32467807</subfield></datafield><datafield ind1=' ' ind2=' ' tag='998'><subfield code='b'>2</subfield><subfield code='c'>990101</subfield><subfield code='d'>m</subfield><subfield code='e'>a</subfield><subfield code='f'>-</subfield><subfield code='g'>0</subfield></datafield><datafield ind1=' ' ind2=' ' tag='ADM'><subfield code='b'>2018-03-15 16:53:20</subfield><subfield code='e'>b17123197-01tuli_inst</subfield><subfield code='d'>ILS</subfield><subfield code='a'>2017-06-20 09:38:03</subfield><subfield code='c'>false</subfield></datafield><datafield ind1='0' ind2=' ' tag='HLD'><subfield code='b'>MAIN</subfield><subfield code='c'>stacks</subfield><subfield code='h'>HN29.S6915 1996</subfield><subfield code='8'>22295739290003811</subfield></datafield><datafield ind1='0' ind2=' ' tag='HLD'><subfield code='b'>PRESSER</subfield><subfield code='c'>plc</subfield><subfield code='h'>HN29.S6915 1996</subfield><subfield code='8'>22295739270003811</subfield></datafield><datafield ind1=' ' ind2=' ' tag='ITM'><subfield code='r'>22295739290003811</subfield><subfield code='b'>0</subfield><subfield code='u'>LOAN</subfield><subfield code='h'>0</subfield><subfield code='g'>stacks</subfield><subfield code='t'>BOOK</subfield><subfield code='9'>39074010331874</subfield><subfield code='e'>stacks</subfield><subfield code='8'>23295739280003811</subfield><subfield code='a'>0</subfield><subfield code='q'>2017-06-20 09:38:03</subfield><subfield code='i'>HN29.S6915 1996</subfield><subfield code='d'>MAIN</subfield><subfield code='f'>MAIN</subfield></datafield><datafield ind1=' ' ind2=' ' tag='ITM'><subfield code='r'>22295739270003811</subfield><subfield code='b'>1</subfield><subfield code='h'>0</subfield><subfield code='g'>plc</subfield><subfield code='t'>BOOK</subfield><subfield code='e'>plc</subfield><subfield code='8'>23295739260003811</subfield><subfield code='a'>0</subfield><subfield code='q'>2017-06-20 09:38:03</subfield><subfield code='i'>HN29.S6915 1996</subfield><subfield code='d'>PRESSER</subfield><subfield code='f'>PRESSER</subfield></datafield></record>