
<record xmlns='http://www.loc.gov/MARC21/slim'><leader>01241ccm a2200349Ia 4500</leader><controlfield tag='005'>20031128160822.0</controlfield><controlfield tag='008'>000628t199u1947enkcoc         n        d</controlfield><controlfield tag='001'>991035798719703811</controlfield><datafield ind1='2' ind2=' ' tag='024'><subfield code='a'>M060025495</subfield></datafield><datafield ind1='2' ind2='2' tag='028'><subfield code='a'>B. &amp; H. 16157</subfield><subfield code='b'>Boosey &amp; Hawkes</subfield></datafield><datafield ind1=' ' ind2=' ' tag='035'><subfield code='a'>(PPT)b2679195x-01tuli_inst</subfield></datafield><datafield ind1=' ' ind2=' ' tag='035'><subfield code='a'>(OCoLC)ocm45591066 </subfield><subfield code='9'>ExL</subfield></datafield><datafield ind1=' ' ind2=' ' tag='040'><subfield code='a'>CUY</subfield><subfield code='c'>CUY</subfield><subfield code='d'>TEF</subfield></datafield><datafield ind1='0' ind2=' ' tag='041'><subfield code='g'>eng</subfield><subfield code='g'>ger</subfield><subfield code='g'>fre</subfield></datafield><datafield ind1='0' ind2=' ' tag='045'><subfield code='b'>d1945</subfield></datafield><datafield ind1=' ' ind2=' ' tag='048'><subfield code='b'>wb01</subfield><subfield code='a'>ka01</subfield></datafield><datafield ind1=' ' ind2=' ' tag='049'><subfield code='a'>TEUX</subfield></datafield><datafield ind1=' ' ind2=' ' tag='090'><subfield code='a'>M1023</subfield><subfield code='b'>.S87 TrV292 1990z</subfield></datafield><datafield ind1='1' ind2=' ' tag='100'><subfield code='a'>Strauss, Richard,</subfield><subfield code='d'>1864-1949.</subfield></datafield><datafield ind1='1' ind2='0' tag='240'><subfield code='a'>Concertos,</subfield><subfield code='m'>oboe, orchestra,</subfield><subfield code='n'>TrV 292;</subfield><subfield code='o'>arr.</subfield></datafield><datafield ind1='1' ind2='0' tag='245'><subfield code='a'>Concerto for oboe and small orchestra =</subfield><subfield code='b'>Konzert für Oboe und Kleines Orchester = Concerto pour hautbois et petit orchestre /</subfield><subfield code='c'>Richard Strauss ; for oboe and piano arranged by Arthur Willner.</subfield></datafield><datafield ind1='1' ind2='4' tag='246'><subfield code='a'>Oboe concerto</subfield></datafield><datafield ind1=' ' ind2=' ' tag='260'><subfield code='a'>London ;</subfield><subfield code='a'>New York :</subfield><subfield code='b'>Boosey &amp; Hawkes,</subfield><subfield code='c'>[199-?], c1947.</subfield></datafield><datafield ind1=' ' ind2=' ' tag='300'><subfield code='a'>1 score (39 p.) + 1 part (13 p.) ;</subfield><subfield code='c'>32 cm.</subfield></datafield><datafield ind1=' ' ind2=' ' tag='500'><subfield code='a'>For oboe and piano.</subfield></datafield><datafield ind1=' ' ind2=' ' tag='590'><subfield code='a'>Library has 2 c.</subfield></datafield><datafield ind1=' ' ind2='0' tag='650'><subfield code='a'>Concertos (Oboe with chamber orchestra)</subfield><subfield code='v'>Solo with piano.</subfield></datafield><datafield ind1='1' ind2=' ' tag='700'><subfield code='a'>Willner, Arthur,</subfield><subfield code='d'>1881-1959.</subfield><subfield code='4'>arr</subfield></datafield><datafield ind1=' ' ind2=' ' tag='907'><subfield code='a'>.b2679195x</subfield><subfield code='b'>multi</subfield><subfield code='c'>-</subfield></datafield><datafield ind1=' ' ind2=' ' tag='902'><subfield code='a'>170428</subfield></datafield><datafield ind1=' ' ind2=' ' tag='998'><subfield code='b'>2</subfield><subfield code='c'>031206</subfield><subfield code='d'>m</subfield><subfield code='e'>c</subfield><subfield code='f'>-</subfield><subfield code='g'>0</subfield></datafield><datafield ind1=' ' ind2=' ' tag='945'><subfield code='l'>muatc</subfield><subfield code='a'>M246.St82</subfield><subfield code='b'>C7 1947 delete</subfield><subfield code='g'>1</subfield></datafield><datafield ind1=' ' ind2=' ' tag='945'><subfield code='l'>pstk </subfield><subfield code='g'>1</subfield></datafield><datafield ind1=' ' ind2=' ' tag='ADM'><subfield code='b'>2018-06-16 21:50:39</subfield><subfield code='e'>b2679195x-01tuli_inst</subfield><subfield code='d'>ILS</subfield><subfield code='a'>2017-06-20 08:31:14</subfield><subfield code='c'>false</subfield></datafield><datafield ind1='0' ind2=' ' tag='HLD'><subfield code='b'>MAIN</subfield><subfield code='c'>stacks</subfield><subfield code='h'>M1023</subfield><subfield code='i'>.S87 TrV292 1990z</subfield><subfield code='8'>22283093600003811</subfield></datafield><datafield ind1='0' ind2=' ' tag='HLD'><subfield code='b'>PRESSER</subfield><subfield code='c'>presser</subfield><subfield code='h'>M246.St82 C7 1947 delete</subfield><subfield code='8'>22283093580003811</subfield></datafield><datafield ind1=' ' ind2=' ' tag='ITM'><subfield code='r'>22283093600003811</subfield><subfield code='b'>1</subfield><subfield code='h'>0</subfield><subfield code='g'>stacks</subfield><subfield code='t'>SCORE</subfield><subfield code='9'>39074029459484</subfield><subfield code='e'>stacks</subfield><subfield code='8'>23283093590003811</subfield><subfield code='a'>0</subfield><subfield code='q'>2017-06-20 08:31:14</subfield><subfield code='i'>M1023 .S87 TrV292 1990z</subfield><subfield code='d'>MAIN</subfield><subfield code='f'>MAIN</subfield></datafield><datafield ind1=' ' ind2=' ' tag='ITM'><subfield code='r'>22283093580003811</subfield><subfield code='b'>1</subfield><subfield code='h'>0</subfield><subfield code='g'>presser</subfield><subfield code='t'>SCORE</subfield><subfield code='e'>presser</subfield><subfield code='8'>23283093570003811</subfield><subfield code='a'>0</subfield><subfield code='q'>2017-06-20 08:31:14</subfield><subfield code='i'>M246.St82 C7 1947 delete</subfield><subfield code='d'>PRESSER</subfield><subfield code='f'>PRESSER</subfield></datafield></record>