
<record xmlns='http://www.loc.gov/MARC21/slim'><leader>01094ncm a2200373 a 4500</leader><controlfield tag='005'>20180619185615.0</controlfield><controlfield tag='008'>950804s199u    nyusyb           1      d</controlfield><controlfield tag='001'>991025170559703811</controlfield><datafield ind1='3' ind2='2' tag='028'><subfield code='a'>K00144</subfield><subfield code='b'>Kalmus</subfield></datafield><datafield ind1=' ' ind2=' ' tag='035'><subfield code='a'>(PPT)b24231678-01tuli_inst</subfield></datafield><datafield ind1=' ' ind2=' ' tag='035'><subfield code='a'>(CStRLIN)ocn487112878</subfield><subfield code='9'>ExL</subfield></datafield><datafield ind1=' ' ind2=' ' tag='035'><subfield code='a'>ocm41034347</subfield></datafield><datafield ind1=' ' ind2=' ' tag='035'><subfield code='a'>(OCLC)ocm41034347</subfield></datafield><datafield ind1=' ' ind2=' ' tag='040'><subfield code='a'>CoFS</subfield><subfield code='c'>CoFS</subfield><subfield code='d'>UPB</subfield><subfield code='d'>PPT</subfield></datafield><datafield ind1='0' ind2=' ' tag='041'><subfield code='g'>eng</subfield></datafield><datafield ind1=' ' ind2=' ' tag='045'><subfield code='a'>w3w3</subfield></datafield><datafield ind1=' ' ind2=' ' tag='048'><subfield code='a'>oa</subfield></datafield><datafield ind1=' ' ind2=' ' tag='079'><subfield code='a'>ocm41034347</subfield></datafield><datafield ind1=' ' ind2=' ' tag='090'><subfield code='a'>M1001.B47</subfield><subfield code='b'>S967x 1990</subfield></datafield><datafield ind1='1' ind2=' ' tag='100'><subfield code='a'>Berlioz, Hector,</subfield><subfield code='d'>1803-1869.</subfield></datafield><datafield ind1='1' ind2='0' tag='240'><subfield code='a'>Symphonie fantastique.</subfield></datafield><datafield ind1='1' ind2='0' tag='245'><subfield code='a'>Fantastic symphony, op. 14 /</subfield><subfield code='c'>Hector Berlioz.</subfield></datafield><datafield ind1=' ' ind2=' ' tag='260'><subfield code='a'>New York :</subfield><subfield code='b'>Kalmus,</subfield><subfield code='c'>[199-]</subfield></datafield><datafield ind1=' ' ind2='0' tag='300'><subfield code='a'>1 miniature score (150 p.) ;</subfield><subfield code='c'>18 cm.</subfield></datafield><datafield ind1=' ' ind2='0' tag='440'><subfield code='a'>Kalmus classic edition.</subfield></datafield><datafield ind1=' ' ind2=' ' tag='500'><subfield code='a'>Includes program notes by the composer in English.</subfield></datafield><datafield ind1=' ' ind2='0' tag='650'><subfield code='a'>Symphonies</subfield><subfield code='v'>Scores.</subfield></datafield><datafield ind1=' ' ind2=' ' tag='902'><subfield code='a'>140416</subfield></datafield><datafield ind1=' ' ind2=' ' tag='907'><subfield code='a'>.b24231678</subfield><subfield code='b'>multi</subfield><subfield code='c'>-</subfield></datafield><datafield ind1=' ' ind2=' ' tag='945'><subfield code='l'>pstk </subfield><subfield code='g'>1</subfield></datafield><datafield ind1=' ' ind2=' ' tag='945'><subfield code='l'>mupll</subfield><subfield code='a'>Kalmus K 144 m</subfield><subfield code='g'>1</subfield></datafield><datafield ind1=' ' ind2=' ' tag='979'><subfield code='a'>ocm41034347</subfield></datafield><datafield ind1=' ' ind2=' ' tag='998'><subfield code='b'>1</subfield><subfield code='c'>020204</subfield><subfield code='d'>m</subfield><subfield code='e'>c</subfield><subfield code='f'>-</subfield><subfield code='g'>0</subfield></datafield><datafield ind1=' ' ind2=' ' tag='998'><subfield code='a'>02/05/02</subfield><subfield code='s'>OCLC</subfield><subfield code='c'>RM</subfield></datafield><datafield ind1=' ' ind2=' ' tag='ADM'><subfield code='b'>2018-06-19 22:56:15</subfield><subfield code='e'>b24231678-01tuli_inst</subfield><subfield code='d'>ILS</subfield><subfield code='a'>2017-06-20 07:32:11</subfield><subfield code='c'>false</subfield></datafield><datafield ind1='0' ind2=' ' tag='HLD'><subfield code='b'>MAIN</subfield><subfield code='c'>stacks</subfield><subfield code='h'>M1001.B47</subfield><subfield code='i'>S967x 1990</subfield><subfield code='8'>22268146140003811</subfield></datafield><datafield ind1='8' ind2=' ' tag='HLD'><subfield code='b'>PRESSER</subfield><subfield code='c'>plc</subfield><subfield code='h'>Kalmus K 144 m</subfield><subfield code='8'>22268146120003811</subfield></datafield><datafield ind1=' ' ind2=' ' tag='ITM'><subfield code='r'>22268146140003811</subfield><subfield code='b'>1</subfield><subfield code='h'>0</subfield><subfield code='g'>stacks</subfield><subfield code='t'>SCORE</subfield><subfield code='9'>39074014955421</subfield><subfield code='e'>stacks</subfield><subfield code='8'>23268146130003811</subfield><subfield code='a'>0</subfield><subfield code='q'>2017-06-20 07:32:11</subfield><subfield code='i'>M1001.B47 S967x 1990</subfield><subfield code='d'>MAIN</subfield><subfield code='f'>MAIN</subfield></datafield><datafield ind1=' ' ind2=' ' tag='ITM'><subfield code='r'>22268146120003811</subfield><subfield code='b'>1</subfield><subfield code='h'>8</subfield><subfield code='g'>plc</subfield><subfield code='t'>SCORE</subfield><subfield code='9'>39074029662491</subfield><subfield code='e'>plc</subfield><subfield code='8'>23268146110003811</subfield><subfield code='a'>0</subfield><subfield code='q'>2017-06-20 07:32:11</subfield><subfield code='i'>Kalmus K 144 m</subfield><subfield code='d'>PRESSER</subfield><subfield code='f'>PRESSER</subfield></datafield></record>