
<record xmlns='http://www.loc.gov/MARC21/slim'><leader>01297nam a2200361 a 4500</leader><controlfield tag='005'>20170825213602.0</controlfield><controlfield tag='008'>940727s1995    nyua          001 0 eng  </controlfield><controlfield tag='001'>991034890769703811</controlfield><datafield ind1=' ' ind2=' ' tag='010'><subfield code='a'>94030663 /MN</subfield></datafield><datafield ind1=' ' ind2=' ' tag='020'><subfield code='a'>0028705521 (alk. paper)</subfield></datafield><datafield ind1=' ' ind2=' ' tag='035'><subfield code='a'>(PPT)b17218238-01tuli_inst</subfield></datafield><datafield ind1=' ' ind2=' ' tag='035'><subfield code='a'>(DLC    )ocn477173340</subfield><subfield code='9'>ExL</subfield></datafield><datafield ind1=' ' ind2=' ' tag='035'><subfield code='a'>DLC   94030663 /MN</subfield></datafield><datafield ind1=' ' ind2=' ' tag='035'><subfield code='a'>ocm30971311</subfield></datafield><datafield ind1=' ' ind2=' ' tag='035'><subfield code='a'>(OCLC)ocm30971311</subfield></datafield><datafield ind1=' ' ind2=' ' tag='040'><subfield code='a'>DLC</subfield><subfield code='c'>DLC</subfield><subfield code='d'>DLC</subfield></datafield><datafield ind1=' ' ind2=' ' tag='079'><subfield code='a'>ocm30971311</subfield></datafield><datafield ind1=' ' ind2=' ' tag='090'><subfield code='a'>MT1.C226 1995</subfield></datafield><datafield ind1='1' ind2=' ' tag='100'><subfield code='a'>Campbell, Patricia Shehan.</subfield></datafield><datafield ind1='1' ind2='0' tag='245'><subfield code='a'>Music in childhood :</subfield><subfield code='b'>from preschool through the elementary grades /</subfield><subfield code='c'>Patricia Shehan Campbell, Carol Scott-Kassner ; technology for music instruction (chapter 12) by Kirk Kassner ; photographs by Jerry Gay.</subfield></datafield><datafield ind1=' ' ind2=' ' tag='260'><subfield code='a'>New York :</subfield><subfield code='b'>Schirmer Books ;</subfield><subfield code='a'>London :</subfield><subfield code='b'>Prentice Hall International,</subfield><subfield code='c'>c1995.</subfield></datafield><datafield ind1=' ' ind2=' ' tag='300'><subfield code='a'>xvii, 398 p. :</subfield><subfield code='b'>ill. ;</subfield><subfield code='c'>25 cm.</subfield></datafield><datafield ind1=' ' ind2=' ' tag='504'><subfield code='a'>Includes bibliographical references and index.</subfield></datafield><datafield ind1='0' ind2='0' tag='650'><subfield code='a'>Music</subfield><subfield code='x'>Instruction and study</subfield><subfield code='x'>Juvenile.</subfield></datafield><datafield ind1='0' ind2='0' tag='650'><subfield code='a'>School music</subfield><subfield code='x'>Instruction and study.</subfield></datafield><datafield ind1='1' ind2=' ' tag='700'><subfield code='a'>Scott-Kassner, Carol.</subfield></datafield><datafield ind1=' ' ind2=' ' tag='902'><subfield code='a'>141204</subfield></datafield><datafield ind1=' ' ind2=' ' tag='907'><subfield code='a'>.b17218238</subfield><subfield code='b'>multi</subfield><subfield code='c'>-</subfield></datafield><datafield ind1=' ' ind2=' ' tag='935'><subfield code='a'>00785847</subfield></datafield><datafield ind1=' ' ind2=' ' tag='945'><subfield code='l'>pstk </subfield><subfield code='g'>1</subfield></datafield><datafield ind1=' ' ind2=' ' tag='945'><subfield code='l'>muplc</subfield><subfield code='g'>1</subfield></datafield><datafield ind1=' ' ind2=' ' tag='979'><subfield code='a'>ocm30971311</subfield></datafield><datafield ind1=' ' ind2=' ' tag='998'><subfield code='b'>2</subfield><subfield code='c'>990101</subfield><subfield code='d'>m</subfield><subfield code='e'>a</subfield><subfield code='f'>-</subfield><subfield code='g'>0</subfield></datafield><datafield ind1=' ' ind2=' ' tag='ADM'><subfield code='b'>2018-04-24 07:19:21</subfield><subfield code='e'>b17218238-01tuli_inst</subfield><subfield code='d'>ILS</subfield><subfield code='a'>2017-06-20 15:07:20</subfield><subfield code='c'>false</subfield></datafield><datafield ind1='0' ind2=' ' tag='HLD'><subfield code='b'>MAIN</subfield><subfield code='c'>stacks</subfield><subfield code='h'>MT1.C226 1995</subfield><subfield code='8'>22336374220003811</subfield></datafield><datafield ind1='0' ind2=' ' tag='HLD'><subfield code='b'>PRESSER</subfield><subfield code='c'>plc</subfield><subfield code='h'>MT1.C226 1995</subfield><subfield code='8'>22336374240003811</subfield></datafield><datafield ind1=' ' ind2=' ' tag='ITM'><subfield code='r'>22336374220003811</subfield><subfield code='b'>1</subfield><subfield code='h'>0</subfield><subfield code='g'>stacks</subfield><subfield code='t'>BOOK</subfield><subfield code='9'>39074009999558</subfield><subfield code='e'>stacks</subfield><subfield code='8'>23336374210003811</subfield><subfield code='a'>0</subfield><subfield code='q'>2017-06-20 15:07:20</subfield><subfield code='i'>MT1.C226 1995</subfield><subfield code='d'>MAIN</subfield><subfield code='f'>MAIN</subfield></datafield><datafield ind1=' ' ind2=' ' tag='ITM'><subfield code='r'>22336374240003811</subfield><subfield code='b'>1</subfield><subfield code='h'>0</subfield><subfield code='g'>plc</subfield><subfield code='t'>BOOK</subfield><subfield code='e'>plc</subfield><subfield code='8'>23336374230003811</subfield><subfield code='a'>0</subfield><subfield code='q'>2017-06-20 15:07:20</subfield><subfield code='i'>MT1.C226 1995</subfield><subfield code='d'>PRESSER</subfield><subfield code='f'>PRESSER</subfield></datafield></record>