
<record xmlns='http://www.loc.gov/MARC21/slim'><leader>02057ccm a2200409Ia 4500</leader><controlfield tag='005'>20180618115711.0</controlfield><controlfield tag='008'>950510s1995    gw sna   chi   n        d</controlfield><controlfield tag='001'>991036165169703811</controlfield><datafield ind1='3' ind2='2' tag='028'><subfield code='a'>77-79</subfield><subfield code='b'>G. Henle</subfield></datafield><datafield ind1=' ' ind2=' ' tag='035'><subfield code='a'>(PPT)b26899218-01tuli_inst</subfield></datafield><datafield ind1=' ' ind2=' ' tag='035'><subfield code='a'>(OCoLC)ocm32448762 </subfield><subfield code='9'>ExL</subfield></datafield><datafield ind1=' ' ind2=' ' tag='040'><subfield code='a'>CR2</subfield><subfield code='c'>CR2</subfield><subfield code='d'>OCL</subfield></datafield><datafield ind1='0' ind2=' ' tag='041'><subfield code='g'>ger</subfield><subfield code='g'>eng</subfield><subfield code='g'>fre</subfield></datafield><datafield ind1='2' ind2=' ' tag='045'><subfield code='b'>d1778</subfield><subfield code='b'>d1789</subfield></datafield><datafield ind1=' ' ind2=' ' tag='049'><subfield code='a'>TEUX</subfield></datafield><datafield ind1=' ' ind2=' ' tag='090'><subfield code='a'>M219.M87</subfield><subfield code='b'>S66 1995</subfield></datafield><datafield ind1='1' ind2=' ' tag='100'><subfield code='a'>Mozart, Wolfgang Amadeus,</subfield><subfield code='d'>1756-1791.</subfield></datafield><datafield ind1='1' ind2='0' tag='240'><subfield code='a'>Sonatas,</subfield><subfield code='m'>violin, piano</subfield></datafield><datafield ind1='1' ind2='0' tag='245'><subfield code='a'>Sonaten für Klavier und Violine /</subfield><subfield code='c'>W.A. Mozart ; nach den Autographen herausgegeben von Wolf-Dieter Seiffert ; Fingersatz und Strichbezeichnung von Walther Lampe und Karl Röhrig.</subfield></datafield><datafield ind1=' ' ind2=' ' tag='250'><subfield code='a'>Neue verb. Ausg.</subfield></datafield><datafield ind1=' ' ind2=' ' tag='260'><subfield code='a'>München :</subfield><subfield code='b'>G. Henle,</subfield><subfield code='c'>c1995.</subfield></datafield><datafield ind1=' ' ind2=' ' tag='300'><subfield code='a'>1 score (3 v. (327 p.)) + 1 part (3 v.) :</subfield><subfield code='b'>facsims. ;</subfield><subfield code='c'>31 cm.</subfield></datafield><datafield ind1=' ' ind2=' ' tag='500'><subfield code='a'>&quot;Urtext&quot;--Cover.</subfield></datafield><datafield ind1=' ' ind2=' ' tag='500'><subfield code='a'>Preface in German, English, and French includes historical and editorial information.</subfield></datafield><datafield ind1=' ' ind2=' ' tag='500'><subfield code='a'>Includes thematic index in each v.</subfield></datafield><datafield ind1='0' ind2=' ' tag='505'><subfield code='a'>Bd. 1. Die Kurfürstin-Sonaten op. 1.  KV 301 (293a), G major ; KV 302 (293b), E♭ major ; KV 303 (293c), C major ; KV 304 (300c), E minor ; KV 305 (293d), A major ; KV 306 (300l), D major  -- Bd. 2. Die Aurnhammer-Sonaten op. 2.  KV 376 (374d), F major ; KV 296, C major ; KV 377 (374e), F major ; KV 378 (317d), B♭ major ; KV 379 (373a), G major ; KV 380 (374f), E♭ major -- Bd. 3. 3. Die späteren Wiener Sonaten.  KV 454, B♭ major ; KV 481, E♭ major ; KV 526, A major ; KV 547, F major.  Anhang. KV 570, B♭ major.</subfield></datafield><datafield ind1=' ' ind2='0' tag='650'><subfield code='a'>Sonatas (Violin and piano)</subfield><subfield code='v'>Scores and parts.</subfield></datafield><datafield ind1='1' ind2=' ' tag='700'><subfield code='a'>Seiffert, Wolf-Dieter.</subfield></datafield><datafield ind1='1' ind2=' ' tag='700'><subfield code='a'>Lampe, Walther.</subfield></datafield><datafield ind1='1' ind2=' ' tag='700'><subfield code='a'>Röhrig, Karl.</subfield></datafield><datafield ind1=' ' ind2=' ' tag='902'><subfield code='a'>161117</subfield></datafield><datafield ind1=' ' ind2=' ' tag='907'><subfield code='a'>.b26899218</subfield><subfield code='b'>multi</subfield><subfield code='c'>-</subfield></datafield><datafield ind1=' ' ind2=' ' tag='945'><subfield code='l'>muatc</subfield><subfield code='a'>M219</subfield><subfield code='b'>.M87 delete</subfield><subfield code='u'>v.Bd.1</subfield><subfield code='g'>1</subfield></datafield><datafield ind1=' ' ind2=' ' tag='945'><subfield code='l'>muatc</subfield><subfield code='a'>M219</subfield><subfield code='b'>.M87 delete</subfield><subfield code='u'>v.Bd.2</subfield><subfield code='g'>1</subfield></datafield><datafield ind1=' ' ind2=' ' tag='945'><subfield code='l'>pstk </subfield><subfield code='u'>v.v.3</subfield><subfield code='g'>1</subfield></datafield><datafield ind1=' ' ind2=' ' tag='945'><subfield code='l'>pstk </subfield><subfield code='u'>v.v.2</subfield><subfield code='g'>1</subfield></datafield><datafield ind1=' ' ind2=' ' tag='998'><subfield code='b'>3</subfield><subfield code='c'>040110</subfield><subfield code='d'>m</subfield><subfield code='e'>c</subfield><subfield code='f'>-</subfield><subfield code='g'>0</subfield></datafield><datafield ind1=' ' ind2=' ' tag='ADM'><subfield code='b'>2018-06-18 15:57:11</subfield><subfield code='e'>b26899218-01tuli_inst</subfield><subfield code='d'>ILS</subfield><subfield code='a'>2017-06-20 06:25:43</subfield><subfield code='c'>false</subfield></datafield><datafield ind1='0' ind2=' ' tag='HLD'><subfield code='b'>MAIN</subfield><subfield code='c'>stacks</subfield><subfield code='h'>M219.M87</subfield><subfield code='i'>S66 1995</subfield><subfield code='8'>22247558790003811</subfield></datafield><datafield ind1='0' ind2=' ' tag='HLD'><subfield code='b'>PRESSER</subfield><subfield code='c'>presser</subfield><subfield code='h'>M219 .M87 delete</subfield><subfield code='8'>22247558820003811</subfield></datafield><datafield ind1=' ' ind2=' ' tag='ITM'><subfield code='r'>22247558790003811</subfield><subfield code='b'>1</subfield><subfield code='h'>0</subfield><subfield code='g'>stacks</subfield><subfield code='t'>SCORE</subfield><subfield code='9'>39074026921619</subfield><subfield code='e'>stacks</subfield><subfield code='8'>23247558770003811</subfield><subfield code='c'>v.3</subfield><subfield code='a'>0</subfield><subfield code='q'>2017-06-20 06:25:43</subfield><subfield code='i'>M219.M87 S66 1995</subfield><subfield code='d'>MAIN</subfield><subfield code='f'>MAIN</subfield></datafield><datafield ind1=' ' ind2=' ' tag='ITM'><subfield code='r'>22247558790003811</subfield><subfield code='b'>1</subfield><subfield code='h'>0</subfield><subfield code='g'>stacks</subfield><subfield code='t'>SCORE</subfield><subfield code='9'>39074026921775</subfield><subfield code='e'>stacks</subfield><subfield code='8'>23247558780003811</subfield><subfield code='c'>v.2</subfield><subfield code='a'>0</subfield><subfield code='q'>2017-06-20 06:25:43</subfield><subfield code='i'>M219.M87 S66 1995</subfield><subfield code='d'>MAIN</subfield><subfield code='f'>MAIN</subfield></datafield><datafield ind1=' ' ind2=' ' tag='ITM'><subfield code='r'>22247558820003811</subfield><subfield code='b'>1</subfield><subfield code='h'>0</subfield><subfield code='g'>presser</subfield><subfield code='t'>SCORE</subfield><subfield code='e'>presser</subfield><subfield code='8'>23247558800003811</subfield><subfield code='c'>Bd.2</subfield><subfield code='a'>0</subfield><subfield code='q'>2017-06-20 06:25:43</subfield><subfield code='i'>M219 .M87 delete</subfield><subfield code='d'>PRESSER</subfield><subfield code='f'>PRESSER</subfield></datafield><datafield ind1=' ' ind2=' ' tag='ITM'><subfield code='r'>22247558820003811</subfield><subfield code='b'>1</subfield><subfield code='h'>0</subfield><subfield code='g'>presser</subfield><subfield code='t'>SCORE</subfield><subfield code='e'>presser</subfield><subfield code='8'>23247558810003811</subfield><subfield code='c'>Bd.1</subfield><subfield code='a'>0</subfield><subfield code='q'>2017-06-20 06:25:43</subfield><subfield code='i'>M219 .M87 delete</subfield><subfield code='d'>PRESSER</subfield><subfield code='f'>PRESSER</subfield></datafield></record>