
<record xmlns='http://www.loc.gov/MARC21/slim'><leader>02057cam a2200493Ia 4500</leader><controlfield tag='005'>20170825212847.0</controlfield><controlfield tag='008'>940815s1994    nyuag    b    000 0 eng  </controlfield><controlfield tag='001'>991035560269703811</controlfield><datafield ind1=' ' ind2=' ' tag='020'><subfield code='a'>0930448510</subfield><subfield code='q'>(pbk.)</subfield></datafield><datafield ind1=' ' ind2=' ' tag='020'><subfield code='a'>9780930448516</subfield><subfield code='q'>(pbk.)</subfield></datafield><datafield ind1=' ' ind2=' ' tag='035'><subfield code='a'>(PPT)b26717529-01tuli_inst</subfield></datafield><datafield ind1=' ' ind2=' ' tag='035'><subfield code='a'>(OCoLC)31076039</subfield></datafield><datafield ind1=' ' ind2=' ' tag='035'><subfield code='a'>ocm31076039</subfield></datafield><datafield ind1=' ' ind2=' ' tag='035'><subfield code='a'>(OCLC)ocm31076039</subfield></datafield><datafield ind1=' ' ind2=' ' tag='040'><subfield code='a'>UKM</subfield><subfield code='b'>eng</subfield><subfield code='c'>UKM</subfield><subfield code='d'>WIS</subfield><subfield code='d'>OCL</subfield><subfield code='d'>ONU</subfield><subfield code='d'>AFU</subfield><subfield code='d'>OCLCQ</subfield><subfield code='d'>ORU</subfield><subfield code='d'>AU@</subfield><subfield code='d'>BTCTA</subfield><subfield code='d'>OCLCQ</subfield><subfield code='d'>SGB</subfield><subfield code='d'>P4I</subfield><subfield code='d'>OCLCF</subfield><subfield code='d'>OCLCO</subfield><subfield code='d'>OCLCQ</subfield><subfield code='d'>SWW</subfield><subfield code='d'>OCLCQ</subfield></datafield><datafield ind1=' ' ind2=' ' tag='079'><subfield code='a'>ocm31076039</subfield></datafield><datafield ind1=' ' ind2=' ' tag='090'><subfield code='a'>MT22</subfield><subfield code='b'>.M43 1994</subfield></datafield><datafield ind1='1' ind2=' ' tag='100'><subfield code='a'>Mead, Virginia Hoge.</subfield></datafield><datafield ind1='1' ind2='0' tag='245'><subfield code='a'>Dalcroze eurhythmics in today&apos;s music classroom /</subfield><subfield code='c'>Virginia Hoge Mead.</subfield></datafield><datafield ind1=' ' ind2=' ' tag='260'><subfield code='a'>New York :</subfield><subfield code='b'>Schott,</subfield><subfield code='c'>©1994.</subfield></datafield><datafield ind1=' ' ind2=' ' tag='300'><subfield code='a'>[v], 222 pages :</subfield><subfield code='b'>music ;</subfield><subfield code='c'>26 cm</subfield></datafield><datafield ind1=' ' ind2=' ' tag='336'><subfield code='a'>text</subfield><subfield code='b'>txt</subfield><subfield code='2'>rdacontent</subfield></datafield><datafield ind1=' ' ind2=' ' tag='337'><subfield code='a'>unmediated</subfield><subfield code='b'>n</subfield><subfield code='2'>rdamedia</subfield></datafield><datafield ind1=' ' ind2=' ' tag='338'><subfield code='a'>volume</subfield><subfield code='b'>nc</subfield><subfield code='2'>rdacarrier</subfield></datafield><datafield ind1=' ' ind2=' ' tag='504'><subfield code='a'>Includes bibliographical references (pages 221-222).</subfield></datafield><datafield ind1='0' ind2=' ' tag='505'><subfield code='a'>Dalcroze--the man and his ideas -- The Dalcroze approach to music learning -- Eurhythmics in the elementary school program -- Experiences in the primary grades -- Experiences in the intermediate grades -- Experiences in the upper grades.</subfield></datafield><datafield ind1='1' ind2='0' tag='600'><subfield code='a'>Jaques-Dalcroze, Émile,</subfield><subfield code='d'>1865-1950.</subfield></datafield><datafield ind1=' ' ind2='0' tag='650'><subfield code='a'>Eurythmics.</subfield></datafield><datafield ind1=' ' ind2='0' tag='650'><subfield code='a'>Exercise music.</subfield></datafield><datafield ind1=' ' ind2='0' tag='650'><subfield code='a'>Improvisation (Music)</subfield></datafield><datafield ind1=' ' ind2='0' tag='650'><subfield code='a'>Ear training.</subfield></datafield><datafield ind1='1' ind2='7' tag='600'><subfield code='a'>Jaques-Dalcroze, Émile,</subfield><subfield code='d'>1865-1950.</subfield><subfield code='2'>fast</subfield><subfield code='0'>(OCoLC)fst00017475</subfield></datafield><datafield ind1=' ' ind2='7' tag='650'><subfield code='a'>Ear training.</subfield><subfield code='2'>fast</subfield><subfield code='0'>(OCoLC)fst00900579</subfield></datafield><datafield ind1=' ' ind2='7' tag='650'><subfield code='a'>Eurythmics.</subfield><subfield code='2'>fast</subfield><subfield code='0'>(OCoLC)fst00916874</subfield></datafield><datafield ind1=' ' ind2='7' tag='650'><subfield code='a'>Exercise music.</subfield><subfield code='2'>fast</subfield><subfield code='0'>(OCoLC)fst00918053</subfield></datafield><datafield ind1=' ' ind2='7' tag='650'><subfield code='a'>Improvisation (Music)</subfield><subfield code='2'>fast</subfield><subfield code='0'>(OCoLC)fst00968306</subfield></datafield><datafield ind1='0' ind2='8' tag='776'><subfield code='i'>Online version:</subfield><subfield code='a'>Mead, Virginia Hoge.</subfield><subfield code='t'>Dalcroze eurhythmics in today&apos;s music classroom.</subfield><subfield code='d'>New York : Schott, ©1994</subfield><subfield code='w'>(OCoLC)639397408</subfield></datafield><datafield ind1=' ' ind2=' ' tag='902'><subfield code='a'>170117</subfield></datafield><datafield ind1=' ' ind2=' ' tag='907'><subfield code='a'>.b26717529</subfield><subfield code='b'>multi</subfield><subfield code='c'>-</subfield></datafield><datafield ind1=' ' ind2=' ' tag='945'><subfield code='l'>pstk </subfield><subfield code='g'>1</subfield></datafield><datafield ind1=' ' ind2=' ' tag='945'><subfield code='l'>muplc</subfield><subfield code='g'>1</subfield></datafield><datafield ind1=' ' ind2=' ' tag='979'><subfield code='a'>ocm31076039</subfield></datafield><datafield ind1=' ' ind2=' ' tag='998'><subfield code='b'>3</subfield><subfield code='c'>161010</subfield><subfield code='d'>m</subfield><subfield code='e'>a</subfield><subfield code='f'>-</subfield><subfield code='g'>0</subfield></datafield><datafield ind1=' ' ind2=' ' tag='998'><subfield code='a'>10/10/16</subfield><subfield code='s'>OCLC</subfield><subfield code='c'>YL</subfield></datafield><datafield ind1=' ' ind2=' ' tag='ADM'><subfield code='b'>2017-08-26 01:28:47</subfield><subfield code='e'>b26717529-01tuli_inst</subfield><subfield code='d'>ILS</subfield><subfield code='a'>2017-06-20 13:19:14</subfield><subfield code='c'>false</subfield></datafield><datafield ind1='0' ind2=' ' tag='HLD'><subfield code='b'>MAIN</subfield><subfield code='c'>stacks</subfield><subfield code='h'>MT22</subfield><subfield code='i'>.M43 1994</subfield><subfield code='8'>22324121210003811</subfield></datafield><datafield ind1='0' ind2=' ' tag='HLD'><subfield code='b'>PRESSER</subfield><subfield code='c'>plc</subfield><subfield code='h'>MT22</subfield><subfield code='i'>.M43 1994</subfield><subfield code='8'>22324121230003811</subfield></datafield><datafield ind1=' ' ind2=' ' tag='ITM'><subfield code='r'>22324121210003811</subfield><subfield code='b'>1</subfield><subfield code='h'>0</subfield><subfield code='g'>stacks</subfield><subfield code='t'>BOOK</subfield><subfield code='9'>39074030150957</subfield><subfield code='e'>stacks</subfield><subfield code='8'>23324121200003811</subfield><subfield code='a'>0</subfield><subfield code='q'>2017-06-20 13:19:14</subfield><subfield code='i'>MT22 .M43 1994</subfield><subfield code='d'>MAIN</subfield><subfield code='f'>MAIN</subfield></datafield><datafield ind1=' ' ind2=' ' tag='ITM'><subfield code='r'>22324121230003811</subfield><subfield code='b'>1</subfield><subfield code='h'>0</subfield><subfield code='g'>plc</subfield><subfield code='t'>BOOK</subfield><subfield code='e'>plc</subfield><subfield code='8'>23324121220003811</subfield><subfield code='a'>0</subfield><subfield code='q'>2017-06-20 13:19:14</subfield><subfield code='i'>MT22 .M43 1994</subfield><subfield code='d'>PRESSER</subfield><subfield code='f'>PRESSER</subfield></datafield></record>