
<record xmlns='http://www.loc.gov/MARC21/slim'><leader>01344cam a2200457 a 4500</leader><controlfield tag='005'>20170825190650.0</controlfield><controlfield tag='008'>930319s1994    njuam    b    001 0deng  </controlfield><controlfield tag='001'>991034751269703811</controlfield><datafield ind1=' ' ind2=' ' tag='010'><subfield code='a'>93010391</subfield></datafield><datafield ind1=' ' ind2=' ' tag='020'><subfield code='a'>0131759779 (1 cassette)</subfield></datafield><datafield ind1=' ' ind2=' ' tag='020'><subfield code='a'>0131759698 (2 cassettes)</subfield></datafield><datafield ind1=' ' ind2=' ' tag='020'><subfield code='a'>0131022458 (text only)</subfield></datafield><datafield ind1=' ' ind2=' ' tag='035'><subfield code='a'>(PPT)b26469753-01tuli_inst</subfield></datafield><datafield ind1=' ' ind2=' ' tag='035'><subfield code='a'>(OCoLC)ocn489486015</subfield><subfield code='9'>ExL</subfield></datafield><datafield ind1=' ' ind2=' ' tag='035'><subfield code='a'>ocm27895921 </subfield></datafield><datafield ind1=' ' ind2=' ' tag='035'><subfield code='a'>ocm27895921</subfield></datafield><datafield ind1=' ' ind2=' ' tag='035'><subfield code='a'>(OCLC)ocm27895921</subfield></datafield><datafield ind1=' ' ind2=' ' tag='040'><subfield code='a'>DLC</subfield><subfield code='c'>DLC</subfield></datafield><datafield ind1=' ' ind2=' ' tag='043'><subfield code='a'>n-us---</subfield></datafield><datafield ind1=' ' ind2=' ' tag='049'><subfield code='a'>TEUX</subfield></datafield><datafield ind1=' ' ind2=' ' tag='079'><subfield code='a'>ocm27895921</subfield></datafield><datafield ind1=' ' ind2=' ' tag='090'><subfield code='a'>ML3506</subfield><subfield code='b'>.G74 1994</subfield></datafield><datafield ind1='1' ind2=' ' tag='100'><subfield code='a'>Gridley, Mark C.,</subfield><subfield code='d'>1947-</subfield></datafield><datafield ind1='1' ind2='0' tag='245'><subfield code='a'>Jazz styles :</subfield><subfield code='b'>history &amp; analysis /</subfield><subfield code='c'>Mark C. Gridley.</subfield></datafield><datafield ind1=' ' ind2=' ' tag='250'><subfield code='a'>5th ed.</subfield></datafield><datafield ind1=' ' ind2=' ' tag='260'><subfield code='a'>Englewood Cliffs, N.J. :</subfield><subfield code='b'>Prentice Hall,</subfield><subfield code='c'>c1994.</subfield></datafield><datafield ind1=' ' ind2=' ' tag='300'><subfield code='a'>xxii, 442 p. :</subfield><subfield code='b'>ill. ;</subfield><subfield code='c'>26 cm. +</subfield><subfield code='e'>2 sound cassettes (analog)</subfield></datafield><datafield ind1=' ' ind2=' ' tag='504'><subfield code='a'>Includes bibliographical references (p. 406-411) and index.</subfield></datafield><datafield ind1=' ' ind2=' ' tag='541'><subfield code='a'>Snook, Patrick ;</subfield><subfield code='c'>Gift ;</subfield><subfield code='d'>2008</subfield></datafield><datafield ind1=' ' ind2='0' tag='650'><subfield code='a'>Jazz</subfield><subfield code='x'>Analysis, appreciation.</subfield></datafield><datafield ind1=' ' ind2='0' tag='650'><subfield code='a'>Style, Musical.</subfield></datafield><datafield ind1=' ' ind2='0' tag='650'><subfield code='a'>Jazz musicians.</subfield></datafield><datafield ind1=' ' ind2=' ' tag='902'><subfield code='a'>150326</subfield></datafield><datafield ind1=' ' ind2=' ' tag='907'><subfield code='a'>.b26469753</subfield><subfield code='b'>multi</subfield><subfield code='c'>-</subfield></datafield><datafield ind1=' ' ind2=' ' tag='935'><subfield code='a'>7547</subfield></datafield><datafield ind1=' ' ind2=' ' tag='935'><subfield code='a'>3019</subfield></datafield><datafield ind1=' ' ind2=' ' tag='945'><subfield code='l'>pstk </subfield><subfield code='g'>1</subfield></datafield><datafield ind1=' ' ind2=' ' tag='945'><subfield code='l'>muplc</subfield><subfield code='g'>1</subfield></datafield><datafield ind1=' ' ind2=' ' tag='945'><subfield code='l'>muplc</subfield><subfield code='g'>1</subfield></datafield><datafield ind1=' ' ind2=' ' tag='979'><subfield code='a'>ocm27895921</subfield></datafield><datafield ind1=' ' ind2=' ' tag='998'><subfield code='b'>3</subfield><subfield code='c'>030607</subfield><subfield code='d'>m</subfield><subfield code='e'>a</subfield><subfield code='f'>-</subfield><subfield code='g'>0</subfield></datafield><datafield ind1=' ' ind2=' ' tag='ADM'><subfield code='b'>2017-08-25 23:06:50</subfield><subfield code='e'>b26469753-01tuli_inst</subfield><subfield code='d'>ILS</subfield><subfield code='a'>2017-06-20 06:32:57</subfield><subfield code='c'>false</subfield></datafield><datafield ind1='0' ind2=' ' tag='HLD'><subfield code='b'>PRESSER</subfield><subfield code='c'>plc</subfield><subfield code='h'>ML3506</subfield><subfield code='i'>.G74 1994</subfield><subfield code='8'>22249918350003811</subfield></datafield><datafield ind1=' ' ind2=' ' tag='ITM'><subfield code='r'>22249918350003811</subfield><subfield code='b'>1</subfield><subfield code='h'>0</subfield><subfield code='g'>plc</subfield><subfield code='t'>BOOK</subfield><subfield code='e'>plc</subfield><subfield code='8'>23249918310003811</subfield><subfield code='a'>0</subfield><subfield code='q'>2017-06-20 06:32:57</subfield><subfield code='i'>ML3506 .G74 1994</subfield><subfield code='d'>PRESSER</subfield><subfield code='f'>PRESSER</subfield></datafield><datafield ind1=' ' ind2=' ' tag='ITM'><subfield code='r'>22249918350003811</subfield><subfield code='b'>1</subfield><subfield code='h'>0</subfield><subfield code='g'>plc</subfield><subfield code='t'>BOOK</subfield><subfield code='e'>plc</subfield><subfield code='8'>23249918340003811</subfield><subfield code='a'>0</subfield><subfield code='q'>2017-06-20 06:32:57</subfield><subfield code='i'>ML3506 .G74 1994</subfield><subfield code='d'>PRESSER</subfield><subfield code='f'>PRESSER</subfield></datafield><datafield ind1=' ' ind2=' ' tag='ITM'><subfield code='r'>22249918380003811</subfield><subfield code='b'>1</subfield><subfield code='h'>0</subfield><subfield code='g'>stacks</subfield><subfield code='t'>BOOK</subfield><subfield code='9'>39074023553340</subfield><subfield code='e'>stacks</subfield><subfield code='8'>23249918370003811</subfield><subfield code='a'>0</subfield><subfield code='q'>2017-06-20 06:32:57</subfield><subfield code='i'>ML3506 .G74 1994</subfield><subfield code='d'>MAIN</subfield><subfield code='f'>MAIN</subfield></datafield></record>