
<record xmlns='http://www.loc.gov/MARC21/slim'><leader>01477nam a2200457 a 4500</leader><controlfield tag='005'>20180315213916.0</controlfield><controlfield tag='008'>940627s1993    nyua     b    001 0 eng  </controlfield><controlfield tag='001'>991032434119703811</controlfield><datafield ind1=' ' ind2=' ' tag='010'><subfield code='a'>93030856</subfield></datafield><datafield ind1=' ' ind2=' ' tag='020'><subfield code='a'>0807733229</subfield></datafield><datafield ind1=' ' ind2=' ' tag='020'><subfield code='a'>0807733210 (pbk.)</subfield></datafield><datafield ind1=' ' ind2=' ' tag='035'><subfield code='a'>(PPT)b16662647-01tuli_inst</subfield></datafield><datafield ind1=' ' ind2=' ' tag='035'><subfield code='a'>(CStRLIN)ocn476585853</subfield><subfield code='9'>ExL</subfield></datafield><datafield ind1=' ' ind2=' ' tag='035'><subfield code='a'>PATG94-B16438</subfield></datafield><datafield ind1=' ' ind2=' ' tag='035'><subfield code='a'>ocm28586037</subfield></datafield><datafield ind1=' ' ind2=' ' tag='035'><subfield code='a'>(OCLC)ocm28586037</subfield></datafield><datafield ind1=' ' ind2=' ' tag='040'><subfield code='a'>DLC</subfield><subfield code='c'>DLC</subfield><subfield code='d'>NNC-T</subfield><subfield code='d'>RPB</subfield></datafield><datafield ind1='1' ind2=' ' tag='041'><subfield code='a'>eng</subfield><subfield code='h'>fre</subfield></datafield><datafield ind1=' ' ind2=' ' tag='079'><subfield code='a'>ocm28586037</subfield></datafield><datafield ind1=' ' ind2=' ' tag='090'><subfield code='a'>LB1775.H7613 1993</subfield></datafield><datafield ind1='1' ind2=' ' tag='100'><subfield code='a'>Huberman, A. M.</subfield></datafield><datafield ind1='0' ind2='0' tag='240'><subfield code='a'>Vie des enseignants.</subfield><subfield code='l'>English</subfield></datafield><datafield ind1='1' ind2='4' tag='245'><subfield code='a'>The lives of teachers /</subfield><subfield code='c'>Michael Huberman with Marie-Madeleine Grounauer and Jürg Marti ; translated by Jonathan Neufeld.</subfield></datafield><datafield ind1=' ' ind2=' ' tag='260'><subfield code='a'>New York :</subfield><subfield code='b'>Teachers College Press,</subfield><subfield code='c'>1993.</subfield></datafield><datafield ind1=' ' ind2=' ' tag='300'><subfield code='a'>xi, 276 p. :</subfield><subfield code='b'>ill. ;</subfield><subfield code='c'>25 cm.</subfield></datafield><datafield ind1=' ' ind2=' ' tag='504'><subfield code='a'>Includes bibliographical references (p. 265-268) and indexes.</subfield></datafield><datafield ind1=' ' ind2='0' tag='650'><subfield code='a'>Teaching.</subfield></datafield><datafield ind1=' ' ind2='0' tag='650'><subfield code='a'>High school teachers</subfield><subfield code='x'>Interviews.</subfield></datafield><datafield ind1='1' ind2='0' tag='700'><subfield code='a'>Grounauer, Marie-Madeleine,</subfield><subfield code='d'>1944-</subfield></datafield><datafield ind1='1' ind2='0' tag='700'><subfield code='a'>Marti, Jürg.</subfield></datafield><datafield ind1=' ' ind2=' ' tag='907'><subfield code='a'>.b16662647</subfield><subfield code='b'>multi</subfield><subfield code='c'>-</subfield></datafield><datafield ind1=' ' ind2=' ' tag='915'><subfield code='a'>60560</subfield></datafield><datafield ind1=' ' ind2=' ' tag='935'><subfield code='a'>00726500</subfield></datafield><datafield ind1=' ' ind2=' ' tag='945'><subfield code='l'>jtcas</subfield><subfield code='g'>1</subfield></datafield><datafield ind1=' ' ind2=' ' tag='945'><subfield code='l'>pstk </subfield><subfield code='g'>1</subfield></datafield><datafield ind1=' ' ind2=' ' tag='945'><subfield code='l'>muplc</subfield><subfield code='g'>1</subfield></datafield><datafield ind1=' ' ind2=' ' tag='950'><subfield code='l'>P</subfield><subfield code='i'>06/27/94 N</subfield></datafield><datafield ind1=' ' ind2=' ' tag='955'><subfield code='l'>P</subfield><subfield code='c'>0</subfield><subfield code='r'>39074009497520</subfield><subfield code='i'>06/27/94 C</subfield></datafield><datafield ind1=' ' ind2=' ' tag='979'><subfield code='a'>ocm28586037</subfield></datafield><datafield ind1=' ' ind2=' ' tag='998'><subfield code='b'>3</subfield><subfield code='c'>990101</subfield><subfield code='d'>m</subfield><subfield code='e'>a</subfield><subfield code='f'>-</subfield><subfield code='g'>4</subfield></datafield><datafield ind1=' ' ind2=' ' tag='998'><subfield code='a'>06/27/94</subfield><subfield code='t'>c</subfield><subfield code='s'>9110</subfield><subfield code='n'>PPT</subfield><subfield code='w'>NYCE94B38</subfield><subfield code='d'>06/27/94</subfield><subfield code='b'>JR</subfield><subfield code='i'>940627</subfield><subfield code='l'>PATG</subfield></datafield><datafield ind1=' ' ind2=' ' tag='ADM'><subfield code='b'>2018-03-16 01:39:16</subfield><subfield code='e'>b16662647-01tuli_inst</subfield><subfield code='d'>ILS</subfield><subfield code='a'>2017-06-20 06:35:13</subfield><subfield code='c'>false</subfield></datafield><datafield ind1='0' ind2=' ' tag='HLD'><subfield code='b'>PRESSER</subfield><subfield code='c'>plc</subfield><subfield code='h'>LB1775.H7613 1993</subfield><subfield code='8'>22250666440003811</subfield></datafield><datafield ind1='0' ind2=' ' tag='HLD'><subfield code='b'>MAIN</subfield><subfield code='c'>stacks</subfield><subfield code='h'>LB1775.H7613 1993</subfield><subfield code='8'>22250666460003811</subfield></datafield><datafield ind1='0' ind2=' ' tag='HLD'><subfield code='b'>JAPAN</subfield><subfield code='c'>stacks</subfield><subfield code='h'>LB1775.H7613 1993</subfield><subfield code='8'>22250666480003811</subfield></datafield><datafield ind1=' ' ind2=' ' tag='ITM'><subfield code='r'>22250666440003811</subfield><subfield code='b'>1</subfield><subfield code='h'>0</subfield><subfield code='g'>plc</subfield><subfield code='t'>BOOK</subfield><subfield code='e'>plc</subfield><subfield code='8'>23250666430003811</subfield><subfield code='a'>0</subfield><subfield code='q'>2017-06-20 06:35:13</subfield><subfield code='i'>LB1775.H7613 1993</subfield><subfield code='d'>PRESSER</subfield><subfield code='f'>PRESSER</subfield></datafield><datafield ind1=' ' ind2=' ' tag='ITM'><subfield code='r'>22250666460003811</subfield><subfield code='b'>1</subfield><subfield code='h'>0</subfield><subfield code='g'>stacks</subfield><subfield code='t'>BOOK</subfield><subfield code='9'>39074009497520</subfield><subfield code='e'>stacks</subfield><subfield code='8'>23250666450003811</subfield><subfield code='a'>0</subfield><subfield code='q'>2017-06-20 06:35:13</subfield><subfield code='i'>LB1775.H7613 1993</subfield><subfield code='d'>MAIN</subfield><subfield code='f'>MAIN</subfield></datafield><datafield ind1=' ' ind2=' ' tag='ITM'><subfield code='r'>22250666480003811</subfield><subfield code='b'>1</subfield><subfield code='h'>0</subfield><subfield code='g'>stacks</subfield><subfield code='t'>BOOK</subfield><subfield code='9'>31982070413192</subfield><subfield code='e'>stacks</subfield><subfield code='8'>23250666470003811</subfield><subfield code='a'>0</subfield><subfield code='q'>2017-06-20 06:35:13</subfield><subfield code='i'>LB1775.H7613 1993</subfield><subfield code='d'>JAPAN</subfield><subfield code='f'>JAPAN</subfield></datafield></record>