
<record xmlns='http://www.loc.gov/MARC21/slim'><leader>01215nam a2200397 a 4500</leader><controlfield tag='005'>20170825171157.0</controlfield><controlfield tag='008'>930312s1992    njua     b    00100 eng  </controlfield><controlfield tag='001'>991030399169703811</controlfield><datafield ind1=' ' ind2=' ' tag='010'><subfield code='a'>91032258</subfield></datafield><datafield ind1=' ' ind2=' ' tag='020'><subfield code='a'>0132990091</subfield></datafield><datafield ind1=' ' ind2=' ' tag='035'><subfield code='a'>(PPT)b16252810-01tuli_inst</subfield></datafield><datafield ind1=' ' ind2=' ' tag='035'><subfield code='a'>(CStRLIN)ocn476898059</subfield><subfield code='9'>ExL</subfield></datafield><datafield ind1=' ' ind2=' ' tag='035'><subfield code='a'>PATG93-B05285</subfield></datafield><datafield ind1=' ' ind2=' ' tag='035'><subfield code='a'>ocm24504534</subfield></datafield><datafield ind1=' ' ind2=' ' tag='035'><subfield code='a'>(OCLC)ocm24504534</subfield></datafield><datafield ind1=' ' ind2=' ' tag='040'><subfield code='a'>DLC</subfield><subfield code='c'>DLC</subfield><subfield code='d'>RPB</subfield><subfield code='d'>PPT</subfield></datafield><datafield ind1=' ' ind2=' ' tag='079'><subfield code='a'>ocm24504534</subfield></datafield><datafield ind1=' ' ind2=' ' tag='090'><subfield code='a'>MT6.E98 1992</subfield></datafield><datafield ind1='0' ind2='0' tag='245'><subfield code='a'>Excursions in world music /</subfield><subfield code='c'>Bruno Nettl ... [et al.].</subfield></datafield><datafield ind1=' ' ind2=' ' tag='260'><subfield code='a'>Englewood Cliffs, NJ :</subfield><subfield code='b'>Prentice Hall,</subfield><subfield code='c'>1992.</subfield></datafield><datafield ind1=' ' ind2=' ' tag='300'><subfield code='a'>vii, 340 p. :</subfield><subfield code='b'>ill. ;</subfield><subfield code='c'>24 cm.</subfield></datafield><datafield ind1=' ' ind2=' ' tag='504'><subfield code='a'>Includes discographies.</subfield></datafield><datafield ind1=' ' ind2=' ' tag='504'><subfield code='a'>Includes bibliographical references and index.</subfield></datafield><datafield ind1=' ' ind2='0' tag='650'><subfield code='a'>Music appreciation.</subfield></datafield><datafield ind1=' ' ind2='0' tag='650'><subfield code='a'>Ethnomusicology.</subfield></datafield><datafield ind1='1' ind2='0' tag='700'><subfield code='a'>Nettl, Bruno,</subfield><subfield code='d'>1930-</subfield></datafield><datafield ind1=' ' ind2=' ' tag='902'><subfield code='a'>110309</subfield></datafield><datafield ind1=' ' ind2=' ' tag='907'><subfield code='a'>.b16252810</subfield><subfield code='b'>multi</subfield><subfield code='c'>-</subfield></datafield><datafield ind1=' ' ind2=' ' tag='935'><subfield code='a'>00682883</subfield></datafield><datafield ind1=' ' ind2=' ' tag='945'><subfield code='l'>pstk </subfield><subfield code='g'>1</subfield></datafield><datafield ind1=' ' ind2=' ' tag='945'><subfield code='l'>muplc</subfield><subfield code='g'>1</subfield></datafield><datafield ind1=' ' ind2=' ' tag='950'><subfield code='l'>P</subfield><subfield code='i'>03/12/93 N</subfield></datafield><datafield ind1=' ' ind2=' ' tag='955'><subfield code='l'>P</subfield><subfield code='c'>0</subfield><subfield code='r'>39074009072851</subfield><subfield code='i'>03/12/93 C</subfield></datafield><datafield ind1=' ' ind2=' ' tag='979'><subfield code='a'>ocm24504534</subfield></datafield><datafield ind1=' ' ind2=' ' tag='998'><subfield code='b'>2</subfield><subfield code='c'>990101</subfield><subfield code='d'>m</subfield><subfield code='e'>a</subfield><subfield code='f'>-</subfield><subfield code='g'>0</subfield></datafield><datafield ind1=' ' ind2=' ' tag='998'><subfield code='a'>03/12/93</subfield><subfield code='t'>c</subfield><subfield code='s'>9110</subfield><subfield code='n'>PPT</subfield><subfield code='w'>RIBG92B17304</subfield><subfield code='d'>03/12/93</subfield><subfield code='c'>MFK</subfield><subfield code='b'>MK</subfield><subfield code='i'>930312</subfield><subfield code='l'>PATG</subfield></datafield><datafield ind1=' ' ind2=' ' tag='ADM'><subfield code='b'>2017-08-25 21:11:57</subfield><subfield code='e'>b16252810-01tuli_inst</subfield><subfield code='d'>ILS</subfield><subfield code='a'>2017-06-20 09:11:41</subfield><subfield code='c'>false</subfield></datafield><datafield ind1='0' ind2=' ' tag='HLD'><subfield code='b'>MAIN</subfield><subfield code='c'>stacks</subfield><subfield code='h'>MT6.E98 1992</subfield><subfield code='8'>22291832040003811</subfield></datafield><datafield ind1='0' ind2=' ' tag='HLD'><subfield code='b'>PRESSER</subfield><subfield code='c'>plc</subfield><subfield code='h'>MT6.E98 1992</subfield><subfield code='8'>22291832020003811</subfield></datafield><datafield ind1=' ' ind2=' ' tag='ITM'><subfield code='r'>22291832040003811</subfield><subfield code='b'>1</subfield><subfield code='h'>0</subfield><subfield code='g'>stacks</subfield><subfield code='t'>BOOK</subfield><subfield code='9'>39074009072851</subfield><subfield code='e'>stacks</subfield><subfield code='8'>23291832030003811</subfield><subfield code='a'>0</subfield><subfield code='q'>2017-06-20 09:11:41</subfield><subfield code='i'>MT6.E98 1992</subfield><subfield code='d'>MAIN</subfield><subfield code='f'>MAIN</subfield></datafield><datafield ind1=' ' ind2=' ' tag='ITM'><subfield code='r'>22291832020003811</subfield><subfield code='b'>1</subfield><subfield code='h'>0</subfield><subfield code='g'>plc</subfield><subfield code='t'>BOOK</subfield><subfield code='e'>plc</subfield><subfield code='8'>23291832010003811</subfield><subfield code='a'>0</subfield><subfield code='q'>2017-06-20 09:11:41</subfield><subfield code='i'>MT6.E98 1992</subfield><subfield code='d'>PRESSER</subfield><subfield code='f'>PRESSER</subfield></datafield></record>