
<record xmlns='http://www.loc.gov/MARC21/slim'><leader>00732cam a2200265Ia 4500</leader><controlfield tag='005'>20030604193845.0</controlfield><controlfield tag='008'>930331s1992    nyu           000 0 eng d</controlfield><controlfield tag='001'>991034753699703811</controlfield><datafield ind1=' ' ind2=' ' tag='020'><subfield code='a'>0930448766</subfield></datafield><datafield ind1=' ' ind2=' ' tag='035'><subfield code='a'>(PPT)b26470366-01tuli_inst</subfield></datafield><datafield ind1=' ' ind2=' ' tag='035'><subfield code='a'>(OCoLC)ocm27836878 </subfield><subfield code='9'>ExL</subfield></datafield><datafield ind1=' ' ind2=' ' tag='040'><subfield code='a'>NDM</subfield><subfield code='c'>NDM</subfield><subfield code='d'>TXX</subfield><subfield code='d'>UKM</subfield><subfield code='d'>OCLCQ</subfield></datafield><datafield ind1=' ' ind2=' ' tag='049'><subfield code='a'>TEUX</subfield></datafield><datafield ind1=' ' ind2=' ' tag='090'><subfield code='a'>MT1</subfield><subfield code='b'>.S844x 1992</subfield></datafield><datafield ind1='1' ind2=' ' tag='100'><subfield code='a'>Steen, Arvida.</subfield></datafield><datafield ind1='1' ind2='0' tag='245'><subfield code='a'>Exploring Orff :</subfield><subfield code='b'>a teacher&apos;s guide /</subfield><subfield code='c'>Arvida Steen.</subfield></datafield><datafield ind1=' ' ind2=' ' tag='260'><subfield code='a'>New York :</subfield><subfield code='b'>Schott Music Corp.,</subfield><subfield code='c'>c1992.</subfield></datafield><datafield ind1=' ' ind2=' ' tag='300'><subfield code='a'>376 p. :</subfield><subfield code='b'>music ;</subfield><subfield code='c'>26 cm.</subfield></datafield><datafield ind1='1' ind2='0' tag='600'><subfield code='a'>Orff, Carl,</subfield><subfield code='d'>1895-</subfield></datafield><datafield ind1=' ' ind2='0' tag='650'><subfield code='a'>Music</subfield><subfield code='x'>Instruction and study</subfield><subfield code='v'>Juvenile.</subfield></datafield><datafield ind1=' ' ind2=' ' tag='907'><subfield code='a'>.b26470366</subfield><subfield code='b'>multi</subfield><subfield code='c'>-</subfield></datafield><datafield ind1=' ' ind2=' ' tag='902'><subfield code='a'>161121</subfield></datafield><datafield ind1=' ' ind2=' ' tag='998'><subfield code='b'>3</subfield><subfield code='c'>030607</subfield><subfield code='d'>m</subfield><subfield code='e'>a</subfield><subfield code='f'>-</subfield><subfield code='g'>0</subfield></datafield><datafield ind1=' ' ind2=' ' tag='935'><subfield code='a'>4089</subfield></datafield><datafield ind1=' ' ind2=' ' tag='945'><subfield code='l'>pstk </subfield><subfield code='g'>1</subfield></datafield><datafield ind1=' ' ind2=' ' tag='945'><subfield code='l'>muplc</subfield><subfield code='g'>1</subfield></datafield><datafield ind1=' ' ind2=' ' tag='ADM'><subfield code='e'>b26470366-01tuli_inst</subfield><subfield code='d'>ILS</subfield><subfield code='a'>2017-06-20 06:47:48</subfield><subfield code='c'>false</subfield></datafield><datafield ind1='0' ind2=' ' tag='HLD'><subfield code='b'>MAIN</subfield><subfield code='c'>stacks</subfield><subfield code='h'>MT1</subfield><subfield code='i'>.S844x 1992</subfield><subfield code='8'>22254752950003811</subfield></datafield><datafield ind1='0' ind2=' ' tag='HLD'><subfield code='b'>PRESSER</subfield><subfield code='c'>plc</subfield><subfield code='h'>MT1</subfield><subfield code='i'>.S844x 1992</subfield><subfield code='8'>22254752970003811</subfield></datafield><datafield ind1=' ' ind2=' ' tag='ITM'><subfield code='r'>22254752950003811</subfield><subfield code='b'>1</subfield><subfield code='h'>0</subfield><subfield code='g'>stacks</subfield><subfield code='t'>BOOK</subfield><subfield code='9'>39074030263701</subfield><subfield code='e'>stacks</subfield><subfield code='8'>23254752940003811</subfield><subfield code='a'>0</subfield><subfield code='q'>2017-06-20 06:47:48</subfield><subfield code='i'>MT1 .S844x 1992</subfield><subfield code='d'>MAIN</subfield><subfield code='f'>MAIN</subfield></datafield><datafield ind1=' ' ind2=' ' tag='ITM'><subfield code='r'>22254752970003811</subfield><subfield code='b'>1</subfield><subfield code='h'>0</subfield><subfield code='g'>plc</subfield><subfield code='t'>BOOK</subfield><subfield code='e'>plc</subfield><subfield code='8'>23254752960003811</subfield><subfield code='a'>0</subfield><subfield code='q'>2017-06-20 06:47:48</subfield><subfield code='i'>MT1 .S844x 1992</subfield><subfield code='d'>PRESSER</subfield><subfield code='f'>PRESSER</subfield></datafield></record>