
<record xmlns='http://www.loc.gov/MARC21/slim'><leader>01391nam a2200433 a 4500</leader><controlfield tag='005'>20170825195735.0</controlfield><controlfield tag='008'>900711s1990    nyua          00110 eng  </controlfield><controlfield tag='001'>991026627239703811</controlfield><datafield ind1=' ' ind2=' ' tag='010'><subfield code='a'>89048092</subfield></datafield><datafield ind1=' ' ind2=' ' tag='020'><subfield code='a'>0132923017</subfield></datafield><datafield ind1=' ' ind2=' ' tag='035'><subfield code='a'>(PPT)b15496119-01tuli_inst</subfield></datafield><datafield ind1=' ' ind2=' ' tag='035'><subfield code='a'>ocn471971010</subfield><subfield code='9'>ExL</subfield></datafield><datafield ind1=' ' ind2=' ' tag='035'><subfield code='a'>PATG90-B17455</subfield></datafield><datafield ind1=' ' ind2=' ' tag='035'><subfield code='a'>ocm20670658</subfield></datafield><datafield ind1=' ' ind2=' ' tag='035'><subfield code='a'>(OCLC)ocm20670658</subfield></datafield><datafield ind1=' ' ind2=' ' tag='040'><subfield code='a'>DLC</subfield><subfield code='c'>DLC</subfield><subfield code='d'>DLC</subfield></datafield><datafield ind1=' ' ind2=' ' tag='079'><subfield code='a'>ocm20670658</subfield></datafield><datafield ind1=' ' ind2=' ' tag='090'><subfield code='a'>MT170.P58 1990</subfield></datafield><datafield ind1='1' ind2='0' tag='100'><subfield code='a'>Pizer, Russell A.</subfield></datafield><datafield ind1='1' ind2='0' tag='245'><subfield code='a'>Evaluation programs for school bands and orchestras /</subfield><subfield code='c'>Russell A. Pizer.</subfield></datafield><datafield ind1=' ' ind2=' ' tag='260'><subfield code='a'>West Nyack, N.Y. :</subfield><subfield code='b'>Parker Pub. Co.,</subfield><subfield code='c'>c1990.</subfield></datafield><datafield ind1=' ' ind2=' ' tag='300'><subfield code='a'>viii, 219 p. :</subfield><subfield code='b'>ill. ;</subfield><subfield code='c'>28 cm.</subfield></datafield><datafield ind1=' ' ind2=' ' tag='500'><subfield code='a'>Includes index.</subfield></datafield><datafield ind1=' ' ind2='0' tag='650'><subfield code='a'>Instrumental music</subfield><subfield code='x'>Instruction and study.</subfield></datafield><datafield ind1=' ' ind2='0' tag='650'><subfield code='a'>Musical instruments</subfield><subfield code='x'>Instruction and study.</subfield></datafield><datafield ind1=' ' ind2='0' tag='650'><subfield code='a'>School music</subfield><subfield code='x'>Instruction and study.</subfield></datafield><datafield ind1=' ' ind2='0' tag='650'><subfield code='a'>Orchestra</subfield><subfield code='x'>Instruction and study.</subfield></datafield><datafield ind1=' ' ind2='0' tag='650'><subfield code='a'>Bands (Music)</subfield><subfield code='x'>Instruction and study.</subfield></datafield><datafield ind1=' ' ind2='0' tag='650'><subfield code='a'>Music</subfield><subfield code='x'>Examinations, questions, etc.</subfield></datafield><datafield ind1=' ' ind2=' ' tag='902'><subfield code='a'>110625</subfield></datafield><datafield ind1=' ' ind2=' ' tag='907'><subfield code='a'>.b15496119</subfield><subfield code='b'>multi</subfield><subfield code='c'>-</subfield></datafield><datafield ind1=' ' ind2=' ' tag='935'><subfield code='a'>00592395</subfield></datafield><datafield ind1=' ' ind2=' ' tag='945'><subfield code='l'>pstk </subfield><subfield code='g'>1</subfield></datafield><datafield ind1=' ' ind2=' ' tag='945'><subfield code='l'>muplc</subfield><subfield code='g'>1</subfield></datafield><datafield ind1=' ' ind2=' ' tag='950'><subfield code='l'>P</subfield><subfield code='i'>07/11/90 N</subfield></datafield><datafield ind1=' ' ind2=' ' tag='955'><subfield code='l'>P</subfield><subfield code='c'>0</subfield><subfield code='i'>07/11/90 C</subfield></datafield><datafield ind1=' ' ind2=' ' tag='979'><subfield code='a'>ocm20670658</subfield></datafield><datafield ind1=' ' ind2=' ' tag='998'><subfield code='b'>2</subfield><subfield code='c'>990101</subfield><subfield code='d'>m</subfield><subfield code='e'>a</subfield><subfield code='f'>-</subfield><subfield code='g'>0</subfield></datafield><datafield ind1=' ' ind2=' ' tag='998'><subfield code='a'>07/11/90</subfield><subfield code='t'>c</subfield><subfield code='s'>9110</subfield><subfield code='n'>PPT</subfield><subfield code='w'>DCLC8948092B</subfield><subfield code='d'>07/11/90</subfield><subfield code='c'>ADS</subfield><subfield code='b'>AS</subfield><subfield code='i'>900711</subfield><subfield code='l'>PATG</subfield></datafield><datafield ind1=' ' ind2=' ' tag='ADM'><subfield code='b'>2017-08-25 23:57:35</subfield><subfield code='e'>b15496119-01tuli_inst</subfield><subfield code='d'>ILS</subfield><subfield code='a'>2017-06-20 15:03:15</subfield><subfield code='c'>false</subfield></datafield><datafield ind1='0' ind2=' ' tag='HLD'><subfield code='b'>MAIN</subfield><subfield code='c'>stacks</subfield><subfield code='h'>MT170.P58 1990</subfield><subfield code='8'>22335893150003811</subfield></datafield><datafield ind1='0' ind2=' ' tag='HLD'><subfield code='b'>PRESSER</subfield><subfield code='c'>plc</subfield><subfield code='h'>MT170.P58 1990</subfield><subfield code='8'>22335893130003811</subfield></datafield><datafield ind1=' ' ind2=' ' tag='ITM'><subfield code='r'>22335893150003811</subfield><subfield code='b'>1</subfield><subfield code='h'>0</subfield><subfield code='g'>stacks</subfield><subfield code='t'>BOOK</subfield><subfield code='9'>39074011086840</subfield><subfield code='e'>stacks</subfield><subfield code='8'>23335893140003811</subfield><subfield code='a'>0</subfield><subfield code='q'>2017-06-20 15:03:15</subfield><subfield code='i'>MT170.P58 1990</subfield><subfield code='d'>MAIN</subfield><subfield code='f'>MAIN</subfield></datafield><datafield ind1=' ' ind2=' ' tag='ITM'><subfield code='r'>22335893130003811</subfield><subfield code='b'>1</subfield><subfield code='h'>0</subfield><subfield code='g'>plc</subfield><subfield code='t'>BOOK</subfield><subfield code='e'>plc</subfield><subfield code='8'>23335893120003811</subfield><subfield code='a'>0</subfield><subfield code='q'>2017-06-20 15:03:15</subfield><subfield code='i'>MT170.P58 1990</subfield><subfield code='d'>PRESSER</subfield><subfield code='f'>PRESSER</subfield></datafield></record>