
<record xmlns='http://www.loc.gov/MARC21/slim'><leader>00912aam a2200289 a 4500</leader><controlfield tag='005'>20030511075248.0</controlfield><controlfield tag='008'>920302s1990    flua     b    000 0 eng  </controlfield><controlfield tag='001'>991034659119703811</controlfield><datafield ind1=' ' ind2=' ' tag='010'><subfield code='a'>92124526</subfield></datafield><datafield ind1=' ' ind2=' ' tag='035'><subfield code='a'>(PPT)b26442796-01tuli_inst</subfield></datafield><datafield ind1=' ' ind2=' ' tag='035'><subfield code='a'>(OCoLC)ocm22399454 </subfield><subfield code='9'>ExL</subfield></datafield><datafield ind1=' ' ind2=' ' tag='040'><subfield code='a'>DLC</subfield><subfield code='c'>DLC</subfield></datafield><datafield ind1=' ' ind2=' ' tag='049'><subfield code='a'>TEUX</subfield></datafield><datafield ind1=' ' ind2=' ' tag='090'><subfield code='a'>MT85</subfield><subfield code='b'>.B25 1990</subfield></datafield><datafield ind1='1' ind2=' ' tag='100'><subfield code='a'>Battisti, Frank L.</subfield></datafield><datafield ind1='1' ind2='0' tag='245'><subfield code='a'>Guide to score study for the wind band conductor /</subfield><subfield code='c'>by Frank Battisti &amp; Robert Garofalo.</subfield></datafield><datafield ind1=' ' ind2=' ' tag='260'><subfield code='a'>Ft. Lauderdale, Fla. (170 N.E. 33rd St., Ft. Lauderdale 33334) :</subfield><subfield code='b'>Meredith Music Publications,</subfield><subfield code='c'>c1990.</subfield></datafield><datafield ind1=' ' ind2=' ' tag='300'><subfield code='a'>v, 117 p. :</subfield><subfield code='b'>ill. ;</subfield><subfield code='c'>28 cm.</subfield></datafield><datafield ind1=' ' ind2=' ' tag='504'><subfield code='a'>Includes bibliographical references (p. 114-116).</subfield></datafield><datafield ind1=' ' ind2='0' tag='650'><subfield code='a'>Conducting.</subfield></datafield><datafield ind1=' ' ind2='0' tag='650'><subfield code='a'>Band music</subfield><subfield code='x'>History and criticism.</subfield></datafield><datafield ind1='1' ind2=' ' tag='700'><subfield code='a'>Garofalo, Robert Joseph.</subfield></datafield><datafield ind1=' ' ind2=' ' tag='907'><subfield code='a'>.b26442796</subfield><subfield code='b'>multi</subfield><subfield code='c'>-</subfield></datafield><datafield ind1=' ' ind2=' ' tag='902'><subfield code='a'>150505</subfield></datafield><datafield ind1=' ' ind2=' ' tag='998'><subfield code='b'>3</subfield><subfield code='c'>030517</subfield><subfield code='d'>m</subfield><subfield code='e'>a</subfield><subfield code='f'>-</subfield><subfield code='g'>0</subfield></datafield><datafield ind1=' ' ind2=' ' tag='935'><subfield code='a'>3236</subfield></datafield><datafield ind1=' ' ind2=' ' tag='945'><subfield code='l'>pstk </subfield><subfield code='g'>1</subfield></datafield><datafield ind1=' ' ind2=' ' tag='945'><subfield code='l'>muplc</subfield><subfield code='g'>1</subfield></datafield><datafield ind1=' ' ind2=' ' tag='ADM'><subfield code='e'>b26442796-01tuli_inst</subfield><subfield code='d'>ILS</subfield><subfield code='a'>2017-06-20 15:12:22</subfield><subfield code='c'>false</subfield></datafield><datafield ind1='0' ind2=' ' tag='HLD'><subfield code='b'>PRESSER</subfield><subfield code='c'>plc</subfield><subfield code='h'>MT85</subfield><subfield code='i'>.B25 1990</subfield><subfield code='8'>22337111870003811</subfield></datafield><datafield ind1='0' ind2=' ' tag='HLD'><subfield code='b'>MAIN</subfield><subfield code='c'>stacks</subfield><subfield code='h'>MT85</subfield><subfield code='i'>.B25 1990</subfield><subfield code='8'>22337111890003811</subfield></datafield><datafield ind1=' ' ind2=' ' tag='ITM'><subfield code='r'>22337111890003811</subfield><subfield code='b'>1</subfield><subfield code='h'>0</subfield><subfield code='g'>stacks</subfield><subfield code='t'>BOOK</subfield><subfield code='9'>39074028217479</subfield><subfield code='e'>stacks</subfield><subfield code='8'>23337111880003811</subfield><subfield code='a'>0</subfield><subfield code='q'>2017-06-20 15:12:22</subfield><subfield code='i'>MT85 .B25 1990</subfield><subfield code='d'>MAIN</subfield><subfield code='f'>MAIN</subfield></datafield><datafield ind1=' ' ind2=' ' tag='ITM'><subfield code='r'>22337111870003811</subfield><subfield code='b'>1</subfield><subfield code='h'>0</subfield><subfield code='g'>plc</subfield><subfield code='t'>BOOK</subfield><subfield code='e'>plc</subfield><subfield code='8'>23337111860003811</subfield><subfield code='a'>0</subfield><subfield code='q'>2017-06-20 15:12:22</subfield><subfield code='i'>MT85 .B25 1990</subfield><subfield code='d'>PRESSER</subfield><subfield code='f'>PRESSER</subfield></datafield></record>