
<record xmlns='http://www.loc.gov/MARC21/slim'><leader>01237nam a22004210  4500</leader><controlfield tag='005'>20180619211055.0</controlfield><controlfield tag='008'>900305s1990    njuag    b    00110 eng  </controlfield><controlfield tag='001'>991025967659703811</controlfield><datafield ind1=' ' ind2=' ' tag='010'><subfield code='a'>89028018</subfield></datafield><datafield ind1=' ' ind2=' ' tag='020'><subfield code='a'>0135267161 :</subfield><subfield code='c'>25.00</subfield></datafield><datafield ind1=' ' ind2=' ' tag='035'><subfield code='a'>(PPT)b15365384-01tuli_inst</subfield></datafield><datafield ind1=' ' ind2=' ' tag='035'><subfield code='a'>ocn471920532</subfield><subfield code='9'>ExL</subfield></datafield><datafield ind1=' ' ind2=' ' tag='035'><subfield code='a'>PATG90-B06582</subfield></datafield><datafield ind1=' ' ind2=' ' tag='035'><subfield code='a'>ocm20491727</subfield></datafield><datafield ind1=' ' ind2=' ' tag='035'><subfield code='a'>(OCLC)ocm20491727</subfield></datafield><datafield ind1=' ' ind2=' ' tag='040'><subfield code='d'>PPT</subfield></datafield><datafield ind1=' ' ind2=' ' tag='079'><subfield code='a'>ocm20491727</subfield></datafield><datafield ind1=' ' ind2=' ' tag='090'><subfield code='a'>MT85.K683 1990</subfield></datafield><datafield ind1='1' ind2='0' tag='100'><subfield code='a'>Kohut, Daniel L.,</subfield><subfield code='d'>1935-</subfield></datafield><datafield ind1='1' ind2='0' tag='245'><subfield code='a'>Learning to conduct and rehearse /</subfield><subfield code='c'>Daniel L. Kohut and Joe W. Grant.</subfield></datafield><datafield ind1=' ' ind2=' ' tag='260'><subfield code='a'>Englewood Cliffs, N.J. :</subfield><subfield code='b'>Prentice Hall,</subfield><subfield code='c'>c1990.</subfield></datafield><datafield ind1=' ' ind2=' ' tag='300'><subfield code='a'>xii, 226 p. :</subfield><subfield code='b'>ill., music ;</subfield><subfield code='c'>25 cm.</subfield></datafield><datafield ind1=' ' ind2=' ' tag='500'><subfield code='a'>Includes index.</subfield></datafield><datafield ind1=' ' ind2=' ' tag='504'><subfield code='a'>Bibliography: p. 130-138.</subfield></datafield><datafield ind1=' ' ind2='0' tag='650'><subfield code='a'>Conducting.</subfield></datafield><datafield ind1=' ' ind2='0' tag='650'><subfield code='a'>Music rehearsals.</subfield></datafield><datafield ind1='1' ind2='0' tag='700'><subfield code='a'>Grant, Joe W.,</subfield><subfield code='d'>1947-</subfield></datafield><datafield ind1=' ' ind2=' ' tag='902'><subfield code='a'>150502</subfield></datafield><datafield ind1=' ' ind2=' ' tag='907'><subfield code='a'>.b15365384</subfield><subfield code='b'>multi</subfield><subfield code='c'>-</subfield></datafield><datafield ind1=' ' ind2=' ' tag='935'><subfield code='a'>00577457</subfield></datafield><datafield ind1=' ' ind2=' ' tag='935'><subfield code='a'>4224</subfield></datafield><datafield ind1=' ' ind2=' ' tag='945'><subfield code='l'>pstk </subfield><subfield code='g'>1</subfield></datafield><datafield ind1=' ' ind2=' ' tag='945'><subfield code='l'>muplc</subfield><subfield code='g'>1</subfield></datafield><datafield ind1=' ' ind2=' ' tag='950'><subfield code='l'>P</subfield><subfield code='i'>03/05/90 N</subfield></datafield><datafield ind1=' ' ind2=' ' tag='955'><subfield code='l'>P</subfield><subfield code='c'>0</subfield><subfield code='i'>03/05/90 C</subfield></datafield><datafield ind1=' ' ind2=' ' tag='979'><subfield code='a'>ocm20491727</subfield></datafield><datafield ind1=' ' ind2=' ' tag='998'><subfield code='b'>2</subfield><subfield code='c'>990101</subfield><subfield code='d'>m</subfield><subfield code='e'>a</subfield><subfield code='f'>-</subfield><subfield code='g'>0</subfield></datafield><datafield ind1=' ' ind2=' ' tag='998'><subfield code='a'>03/05/90</subfield><subfield code='t'>c</subfield><subfield code='s'>9110</subfield><subfield code='n'>PPT</subfield><subfield code='w'>DCLC8928018B</subfield><subfield code='d'>03/05/90</subfield><subfield code='c'>LS</subfield><subfield code='b'>LS</subfield><subfield code='i'>900305</subfield><subfield code='l'>PATG</subfield></datafield><datafield ind1=' ' ind2=' ' tag='ADM'><subfield code='b'>2018-06-20 01:10:55</subfield><subfield code='e'>b15365384-01tuli_inst</subfield><subfield code='d'>ILS</subfield><subfield code='a'>2017-06-20 06:29:50</subfield><subfield code='c'>false</subfield></datafield><datafield ind1='0' ind2=' ' tag='HLD'><subfield code='b'>PRESSER</subfield><subfield code='c'>plc</subfield><subfield code='h'>MT85.K683 1990</subfield><subfield code='8'>22248874530003811</subfield></datafield><datafield ind1='0' ind2=' ' tag='HLD'><subfield code='b'>MAIN</subfield><subfield code='c'>stacks</subfield><subfield code='h'>MT85.K683 1990</subfield><subfield code='8'>22248874550003811</subfield></datafield><datafield ind1=' ' ind2=' ' tag='ITM'><subfield code='r'>22248874530003811</subfield><subfield code='b'>1</subfield><subfield code='h'>0</subfield><subfield code='g'>plc</subfield><subfield code='t'>BOOK</subfield><subfield code='e'>plc</subfield><subfield code='8'>23248874520003811</subfield><subfield code='a'>0</subfield><subfield code='q'>2017-06-20 06:29:50</subfield><subfield code='i'>MT85.K683 1990</subfield><subfield code='d'>PRESSER</subfield><subfield code='f'>PRESSER</subfield></datafield><datafield ind1=' ' ind2=' ' tag='ITM'><subfield code='r'>22248874550003811</subfield><subfield code='b'>1</subfield><subfield code='h'>0</subfield><subfield code='g'>stacks</subfield><subfield code='t'>BOOK</subfield><subfield code='9'>39074007212897</subfield><subfield code='e'>stacks</subfield><subfield code='8'>23248874540003811</subfield><subfield code='a'>0</subfield><subfield code='q'>2017-06-20 06:29:50</subfield><subfield code='i'>MT85.K683 1990</subfield><subfield code='d'>MAIN</subfield><subfield code='f'>MAIN</subfield></datafield></record>