
<record xmlns='http://www.loc.gov/MARC21/slim'><leader>00946pam a2200325 a 4500</leader><controlfield tag='005'>20180315215146.0</controlfield><controlfield tag='008'>880614s1989    nju      b    001 0 eng  </controlfield><controlfield tag='001'>991034949989703811</controlfield><datafield ind1=' ' ind2=' ' tag='010'><subfield code='a'>88021654</subfield></datafield><datafield ind1=' ' ind2=' ' tag='020'><subfield code='a'>0136638813</subfield></datafield><datafield ind1=' ' ind2=' ' tag='035'><subfield code='a'>(PPT)b26527558-01tuli_inst</subfield></datafield><datafield ind1=' ' ind2=' ' tag='035'><subfield code='a'>(OCoLC)ocm18192325 </subfield><subfield code='9'>ExL</subfield></datafield><datafield ind1=' ' ind2=' ' tag='040'><subfield code='a'>DLC</subfield><subfield code='c'>DLC</subfield></datafield><datafield ind1=' ' ind2=' ' tag='049'><subfield code='a'>TEUX</subfield></datafield><datafield ind1=' ' ind2=' ' tag='090'><subfield code='a'>MT1</subfield><subfield code='b'>.R435 1989</subfield></datafield><datafield ind1='1' ind2=' ' tag='100'><subfield code='a'>Reimer, Bennett.</subfield></datafield><datafield ind1='1' ind2='2' tag='245'><subfield code='a'>A philosophy of music education /</subfield><subfield code='c'>Bennett Reimer.</subfield></datafield><datafield ind1=' ' ind2=' ' tag='250'><subfield code='a'>2nd ed.</subfield></datafield><datafield ind1=' ' ind2=' ' tag='260'><subfield code='a'>Englewood Cliffs, N.J. :</subfield><subfield code='b'>Prentice Hall,</subfield><subfield code='c'>c1989.</subfield></datafield><datafield ind1=' ' ind2=' ' tag='300'><subfield code='a'>xiv, 252 p. ;</subfield><subfield code='c'>24 cm.</subfield></datafield><datafield ind1=' ' ind2=' ' tag='504'><subfield code='a'>Includes bibliographical references and index.</subfield></datafield><datafield ind1=' ' ind2='0' tag='650'><subfield code='a'>Music</subfield><subfield code='x'>Instruction and study.</subfield></datafield><datafield ind1=' ' ind2='0' tag='650'><subfield code='a'>Music</subfield><subfield code='x'>Philosophy and aesthetics.</subfield></datafield><datafield ind1=' ' ind2=' ' tag='902'><subfield code='a'>160506</subfield></datafield><datafield ind1=' ' ind2=' ' tag='907'><subfield code='a'>.b26527558</subfield><subfield code='b'>multi</subfield><subfield code='c'>-</subfield></datafield><datafield ind1=' ' ind2=' ' tag='935'><subfield code='a'>3362</subfield></datafield><datafield ind1=' ' ind2=' ' tag='945'><subfield code='l'>pstk </subfield><subfield code='g'>1</subfield></datafield><datafield ind1=' ' ind2=' ' tag='945'><subfield code='l'>muplc</subfield><subfield code='g'>1</subfield></datafield><datafield ind1=' ' ind2=' ' tag='998'><subfield code='b'>3</subfield><subfield code='c'>030720</subfield><subfield code='d'>m</subfield><subfield code='e'>a</subfield><subfield code='f'>-</subfield><subfield code='g'>2</subfield></datafield><datafield ind1=' ' ind2=' ' tag='998'><subfield code='b'>1</subfield><subfield code='c'>030720</subfield><subfield code='d'>m</subfield><subfield code='e'>a</subfield><subfield code='f'>n</subfield><subfield code='g'>2</subfield></datafield><datafield ind1=' ' ind2=' ' tag='ADM'><subfield code='b'>2018-06-20 04:27:18</subfield><subfield code='e'>b26527558-01tuli_inst</subfield><subfield code='d'>ILS</subfield><subfield code='a'>2017-06-20 06:15:55</subfield><subfield code='c'>false</subfield></datafield><datafield ind1='0' ind2=' ' tag='HLD'><subfield code='b'>PRESSER</subfield><subfield code='c'>plc</subfield><subfield code='h'>MT1</subfield><subfield code='i'>.R435 1989</subfield><subfield code='8'>22244289070003811</subfield></datafield><datafield ind1='0' ind2=' ' tag='HLD'><subfield code='b'>MAIN</subfield><subfield code='c'>stacks</subfield><subfield code='h'>MT1</subfield><subfield code='i'>.R435 1989</subfield><subfield code='8'>22244289050003811</subfield></datafield><datafield ind1=' ' ind2=' ' tag='ITM'><subfield code='r'>22244289070003811</subfield><subfield code='b'>1</subfield><subfield code='h'>0</subfield><subfield code='g'>plc</subfield><subfield code='t'>BOOK</subfield><subfield code='e'>plc</subfield><subfield code='8'>23244289060003811</subfield><subfield code='a'>0</subfield><subfield code='q'>2017-06-20 06:15:55</subfield><subfield code='i'>MT1 .R435 1989</subfield><subfield code='d'>PRESSER</subfield><subfield code='f'>PRESSER</subfield></datafield><datafield ind1=' ' ind2=' ' tag='ITM'><subfield code='r'>22244289050003811</subfield><subfield code='b'>1</subfield><subfield code='h'>0</subfield><subfield code='g'>stacks</subfield><subfield code='t'>BOOK</subfield><subfield code='9'>39074024291254</subfield><subfield code='e'>stacks</subfield><subfield code='8'>23244289040003811</subfield><subfield code='a'>0</subfield><subfield code='q'>2017-06-20 06:15:55</subfield><subfield code='i'>MT1 .R435 1989</subfield><subfield code='d'>MAIN</subfield><subfield code='f'>MAIN</subfield></datafield></record>