
<record xmlns='http://www.loc.gov/MARC21/slim'><leader>01583ncm a2200481 a 4500</leader><controlfield tag='005'>20180315123742.0</controlfield><controlfield tag='008'>910206r1989    nyuopa         n    fre  </controlfield><controlfield tag='001'>991027329929703811</controlfield><datafield ind1=' ' ind2=' ' tag='010'><subfield code='a'>88753767 /M</subfield></datafield><datafield ind1=' ' ind2=' ' tag='020'><subfield code='a'>0486258203 :</subfield><subfield code='c'>19.95</subfield></datafield><datafield ind1=' ' ind2=' ' tag='035'><subfield code='a'>(PPT)b15637906-01tuli_inst</subfield></datafield><datafield ind1=' ' ind2=' ' tag='035'><subfield code='a'>ocn472029760</subfield><subfield code='9'>ExL</subfield></datafield><datafield ind1=' ' ind2=' ' tag='035'><subfield code='a'>PATG91-C00066</subfield></datafield><datafield ind1=' ' ind2=' ' tag='035'><subfield code='a'>ocm18814740</subfield></datafield><datafield ind1=' ' ind2=' ' tag='035'><subfield code='a'>(OCLC)ocm18814740</subfield></datafield><datafield ind1=' ' ind2=' ' tag='079'><subfield code='a'>ocm18814740</subfield></datafield><datafield ind1=' ' ind2=' ' tag='090'><subfield code='a'>M1500.B629C4 1989</subfield></datafield><datafield ind1='1' ind2=' ' tag='100'><subfield code='a'>Bizet, Georges,</subfield><subfield code='d'>1838-1875.</subfield></datafield><datafield ind1='1' ind2='0' tag='245'><subfield code='a'>Carmen /</subfield><subfield code='c'>Georges Bizet.</subfield></datafield><datafield ind1=' ' ind2=' ' tag='254'><subfield code='a'>In full score.</subfield></datafield><datafield ind1=' ' ind2=' ' tag='260'><subfield code='a'>New York :</subfield><subfield code='b'>Dover Publications,</subfield><subfield code='c'>1989.</subfield></datafield><datafield ind1=' ' ind2=' ' tag='300'><subfield code='a'>1 score (574 p.) ;</subfield><subfield code='c'>31 cm.</subfield></datafield><datafield ind1=' ' ind2=' ' tag='500'><subfield code='a'>Opera.</subfield></datafield><datafield ind1=' ' ind2=' ' tag='500'><subfield code='a'>French words.</subfield></datafield><datafield ind1=' ' ind2=' ' tag='500'><subfield code='a'>Libretto by Henri Meilhac and Ludovic Halévy, based on the novella by Prosper Mérimée.</subfield></datafield><datafield ind1=' ' ind2=' ' tag='500'><subfield code='a'>Reprint. Originally published: Leipzig : C.F. Peters.</subfield></datafield><datafield ind1=' ' ind2='0' tag='650'><subfield code='a'>Operas</subfield><subfield code='x'>Scores.</subfield></datafield><datafield ind1='1' ind2=' ' tag='700'><subfield code='a'>Meilhac, Henri,</subfield><subfield code='d'>1831-1897</subfield><subfield code='4'>lbt</subfield></datafield><datafield ind1='1' ind2=' ' tag='700'><subfield code='a'>Halévy, Ludovic,</subfield><subfield code='d'>1834-1908.</subfield><subfield code='4'>lbt</subfield></datafield><datafield ind1='1' ind2=' ' tag='700'><subfield code='a'>Mérimée, Prosper,</subfield><subfield code='d'>1803-1870.</subfield><subfield code='t'>Carmen.</subfield></datafield><datafield ind1=' ' ind2=' ' tag='907'><subfield code='a'>.b15637906</subfield><subfield code='b'>multi</subfield><subfield code='c'>-</subfield></datafield><datafield ind1=' ' ind2=' ' tag='935'><subfield code='a'>00617701</subfield></datafield><datafield ind1=' ' ind2=' ' tag='945'><subfield code='l'>pstk </subfield><subfield code='g'>1</subfield></datafield><datafield ind1=' ' ind2=' ' tag='945'><subfield code='l'>mupll</subfield><subfield code='a'>Dover  25820m</subfield><subfield code='g'>1</subfield></datafield><datafield ind1=' ' ind2=' ' tag='945'><subfield code='l'>mupll</subfield><subfield code='a'>Dover D 25820</subfield><subfield code='g'>1</subfield></datafield><datafield ind1=' ' ind2=' ' tag='945'><subfield code='l'>mupll</subfield><subfield code='a'>Dover D 25820</subfield><subfield code='g'>1</subfield></datafield><datafield ind1=' ' ind2=' ' tag='945'><subfield code='l'>mupll</subfield><subfield code='a'>Dover D 25820</subfield><subfield code='g'>1</subfield></datafield><datafield ind1=' ' ind2=' ' tag='945'><subfield code='l'>mupll</subfield><subfield code='a'>Dover D 25820</subfield><subfield code='g'>1</subfield></datafield><datafield ind1=' ' ind2=' ' tag='950'><subfield code='l'>P</subfield><subfield code='i'>02/06/91 N</subfield></datafield><datafield ind1=' ' ind2=' ' tag='955'><subfield code='l'>P</subfield><subfield code='c'>0</subfield><subfield code='r'>39074007580921</subfield><subfield code='i'>02/06/91 C</subfield></datafield><datafield ind1=' ' ind2=' ' tag='979'><subfield code='a'>ocm18814740</subfield></datafield><datafield ind1=' ' ind2=' ' tag='998'><subfield code='b'>1</subfield><subfield code='c'>990101</subfield><subfield code='d'>m</subfield><subfield code='e'>c</subfield><subfield code='f'>-</subfield><subfield code='g'>0</subfield></datafield><datafield ind1=' ' ind2=' ' tag='998'><subfield code='a'>02/06/91</subfield><subfield code='t'>c</subfield><subfield code='s'>9110</subfield><subfield code='n'>PPT</subfield><subfield code='w'>DCLC88753767C</subfield><subfield code='d'>02/06/91</subfield><subfield code='c'>RD</subfield><subfield code='b'>AT</subfield><subfield code='i'>910206</subfield><subfield code='l'>PATG</subfield></datafield><datafield ind1=' ' ind2=' ' tag='ADM'><subfield code='b'>2018-06-20 01:34:14</subfield><subfield code='e'>b15637906-01tuli_inst</subfield><subfield code='d'>ILS</subfield><subfield code='a'>2017-06-20 05:56:28</subfield><subfield code='c'>false</subfield></datafield><datafield ind1='8' ind2=' ' tag='HLD'><subfield code='b'>PRESSER</subfield><subfield code='c'>plc</subfield><subfield code='h'>Dover  25820m</subfield><subfield code='8'>22238361580003811</subfield></datafield><datafield ind1='0' ind2=' ' tag='HLD'><subfield code='b'>MAIN</subfield><subfield code='c'>stacks</subfield><subfield code='h'>M1500.B629C4 1989</subfield><subfield code='8'>22238361630003811</subfield></datafield><datafield ind1=' ' ind2=' ' tag='ITM'><subfield code='r'>22238361580003811</subfield><subfield code='b'>1</subfield><subfield code='h'>8</subfield><subfield code='g'>plc</subfield><subfield code='t'>SCORE</subfield><subfield code='9'>39074029677887</subfield><subfield code='e'>plc</subfield><subfield code='k'>Dover D 25820</subfield><subfield code='8'>23238361570003811</subfield><subfield code='a'>0</subfield><subfield code='q'>2017-06-20 05:56:28</subfield><subfield code='i'>Dover 25820m</subfield><subfield code='d'>PRESSER</subfield><subfield code='f'>PRESSER</subfield></datafield><datafield ind1=' ' ind2=' ' tag='ITM'><subfield code='r'>22238361580003811</subfield><subfield code='b'>1</subfield><subfield code='h'>8</subfield><subfield code='g'>plc</subfield><subfield code='t'>SCORE</subfield><subfield code='9'>39074029678042</subfield><subfield code='e'>plc</subfield><subfield code='k'>Dover D 25820</subfield><subfield code='8'>23238361550003811</subfield><subfield code='a'>0</subfield><subfield code='q'>2017-06-20 05:56:28</subfield><subfield code='i'>Dover 25820m</subfield><subfield code='d'>PRESSER</subfield><subfield code='f'>PRESSER</subfield></datafield><datafield ind1=' ' ind2=' ' tag='ITM'><subfield code='r'>22238361580003811</subfield><subfield code='b'>1</subfield><subfield code='h'>8</subfield><subfield code='g'>plc</subfield><subfield code='t'>SCORE</subfield><subfield code='9'>39074029678034</subfield><subfield code='e'>plc</subfield><subfield code='k'>Dover D 25820</subfield><subfield code='8'>23238361540003811</subfield><subfield code='a'>0</subfield><subfield code='q'>2017-06-20 05:56:28</subfield><subfield code='i'>Dover 25820m</subfield><subfield code='d'>PRESSER</subfield><subfield code='f'>PRESSER</subfield></datafield><datafield ind1=' ' ind2=' ' tag='ITM'><subfield code='r'>22238361580003811</subfield><subfield code='b'>1</subfield><subfield code='h'>8</subfield><subfield code='g'>plc</subfield><subfield code='t'>SCORE</subfield><subfield code='9'>39074029677895</subfield><subfield code='e'>plc</subfield><subfield code='k'>Dover D 25820</subfield><subfield code='8'>23238361560003811</subfield><subfield code='a'>0</subfield><subfield code='q'>2017-06-20 05:56:28</subfield><subfield code='i'>Dover 25820m</subfield><subfield code='d'>PRESSER</subfield><subfield code='f'>PRESSER</subfield></datafield><datafield ind1=' ' ind2=' ' tag='ITM'><subfield code='r'>22238361580003811</subfield><subfield code='b'>1</subfield><subfield code='h'>8</subfield><subfield code='g'>plc</subfield><subfield code='t'>SCORE</subfield><subfield code='9'>39074029677424</subfield><subfield code='e'>plc</subfield><subfield code='8'>23238361530003811</subfield><subfield code='a'>0</subfield><subfield code='q'>2017-06-20 05:56:28</subfield><subfield code='i'>Dover 25820m</subfield><subfield code='d'>PRESSER</subfield><subfield code='f'>PRESSER</subfield></datafield><datafield ind1=' ' ind2=' ' tag='ITM'><subfield code='r'>22238361630003811</subfield><subfield code='b'>1</subfield><subfield code='h'>0</subfield><subfield code='g'>stacks</subfield><subfield code='t'>SCORE</subfield><subfield code='9'>39074007580921</subfield><subfield code='e'>stacks</subfield><subfield code='8'>23238361620003811</subfield><subfield code='a'>0</subfield><subfield code='q'>2017-06-20 05:56:28</subfield><subfield code='i'>M1500.B629C4 1989</subfield><subfield code='d'>MAIN</subfield><subfield code='f'>MAIN</subfield></datafield></record>