
<record xmlns='http://www.loc.gov/MARC21/slim'><leader>01016cam a2200349 a 4500</leader><controlfield tag='005'>20180315125357.0</controlfield><controlfield tag='008'>880222s1989    njug          000 0 eng  </controlfield><controlfield tag='001'>991034829869703811</controlfield><datafield ind1=' ' ind2=' ' tag='010'><subfield code='a'>88005832</subfield></datafield><datafield ind1=' ' ind2=' ' tag='020'><subfield code='a'>0131896717</subfield></datafield><datafield ind1=' ' ind2=' ' tag='035'><subfield code='a'>(PPT)b26492040-01tuli_inst</subfield></datafield><datafield ind1=' ' ind2=' ' tag='035'><subfield code='a'>(OCoLC)ocn489488962</subfield><subfield code='9'>ExL</subfield></datafield><datafield ind1=' ' ind2=' ' tag='035'><subfield code='a'>ocm17618513 </subfield></datafield><datafield ind1=' ' ind2=' ' tag='035'><subfield code='a'>ocm17618513</subfield></datafield><datafield ind1=' ' ind2=' ' tag='035'><subfield code='a'>(OCLC)ocm17618513</subfield></datafield><datafield ind1=' ' ind2=' ' tag='040'><subfield code='a'>DLC</subfield><subfield code='c'>DLC</subfield><subfield code='d'>UKM</subfield></datafield><datafield ind1=' ' ind2=' ' tag='049'><subfield code='a'>TEUX</subfield></datafield><datafield ind1=' ' ind2=' ' tag='079'><subfield code='a'>ocm17618513</subfield></datafield><datafield ind1=' ' ind2=' ' tag='090'><subfield code='a'>MT68</subfield><subfield code='b'>.R37 1989</subfield></datafield><datafield ind1='1' ind2=' ' tag='100'><subfield code='a'>Reeves, Scott D.</subfield></datafield><datafield ind1='1' ind2='0' tag='245'><subfield code='a'>Creative jazz improvisation /</subfield><subfield code='c'>Scott D. Reeves.</subfield></datafield><datafield ind1=' ' ind2=' ' tag='260'><subfield code='a'>Englewood Cliffs, N.J. :</subfield><subfield code='b'>Prentice Hall,</subfield><subfield code='c'>c1989.</subfield></datafield><datafield ind1=' ' ind2=' ' tag='300'><subfield code='a'>xi, 292 p. :</subfield><subfield code='b'>chiefly music ;</subfield><subfield code='c'>29 cm.</subfield></datafield><datafield ind1=' ' ind2='0' tag='650'><subfield code='a'>Jazz</subfield><subfield code='x'>Instruction and study.</subfield></datafield><datafield ind1=' ' ind2='0' tag='650'><subfield code='a'>Improvisation (Music)</subfield></datafield><datafield ind1=' ' ind2='0' tag='650'><subfield code='a'>Musical instruments</subfield><subfield code='x'>Studies and exercises (Jazz)</subfield></datafield><datafield ind1=' ' ind2=' ' tag='907'><subfield code='a'>.b26492040</subfield><subfield code='b'>multi</subfield><subfield code='c'>-</subfield></datafield><datafield ind1=' ' ind2=' ' tag='935'><subfield code='a'>7469</subfield></datafield><datafield ind1=' ' ind2=' ' tag='945'><subfield code='l'>pstk </subfield><subfield code='g'>1</subfield></datafield><datafield ind1=' ' ind2=' ' tag='945'><subfield code='l'>muplc</subfield><subfield code='g'>1</subfield></datafield><datafield ind1=' ' ind2=' ' tag='979'><subfield code='a'>ocm17618513</subfield></datafield><datafield ind1=' ' ind2=' ' tag='998'><subfield code='b'>2</subfield><subfield code='c'>030629</subfield><subfield code='d'>m</subfield><subfield code='e'>a</subfield><subfield code='f'>-</subfield><subfield code='g'>0</subfield></datafield><datafield ind1=' ' ind2=' ' tag='ADM'><subfield code='b'>2018-06-20 04:25:17</subfield><subfield code='e'>b26492040-01tuli_inst</subfield><subfield code='d'>ILS</subfield><subfield code='a'>2017-06-20 10:24:52</subfield><subfield code='c'>false</subfield></datafield><datafield ind1='0' ind2=' ' tag='HLD'><subfield code='b'>PRESSER</subfield><subfield code='c'>plc</subfield><subfield code='h'>MT68</subfield><subfield code='i'>.R37 1989</subfield><subfield code='8'>22302752040003811</subfield></datafield><datafield ind1='0' ind2=' ' tag='HLD'><subfield code='b'>MAIN</subfield><subfield code='c'>stacks</subfield><subfield code='h'>MT68</subfield><subfield code='i'>.R37 1989</subfield><subfield code='8'>22302752020003811</subfield></datafield><datafield ind1=' ' ind2=' ' tag='ITM'><subfield code='r'>22302752020003811</subfield><subfield code='b'>1</subfield><subfield code='h'>0</subfield><subfield code='g'>stacks</subfield><subfield code='t'>BOOK</subfield><subfield code='9'>39074006947139</subfield><subfield code='e'>stacks</subfield><subfield code='8'>23302752010003811</subfield><subfield code='a'>0</subfield><subfield code='q'>2017-06-20 10:24:52</subfield><subfield code='i'>MT68 .R37 1989</subfield><subfield code='d'>MAIN</subfield><subfield code='f'>MAIN</subfield></datafield><datafield ind1=' ' ind2=' ' tag='ITM'><subfield code='r'>22302752040003811</subfield><subfield code='b'>1</subfield><subfield code='h'>0</subfield><subfield code='g'>plc</subfield><subfield code='t'>BOOK</subfield><subfield code='e'>plc</subfield><subfield code='8'>23302752030003811</subfield><subfield code='a'>0</subfield><subfield code='q'>2017-06-20 10:24:52</subfield><subfield code='i'>MT68 .R37 1989</subfield><subfield code='d'>PRESSER</subfield><subfield code='f'>PRESSER</subfield></datafield></record>