
<record xmlns='http://www.loc.gov/MARC21/slim'><leader>01187nam a22003850  4500</leader><controlfield tag='005'>20180619155942.0</controlfield><controlfield tag='008'>890523c19891988ilug     b    00110 eng d</controlfield><controlfield tag='001'>991024813289703811</controlfield><datafield ind1=' ' ind2=' ' tag='020'><subfield code='a'>0941050157</subfield></datafield><datafield ind1=' ' ind2=' ' tag='035'><subfield code='a'>(PPT)b15137892-01tuli_inst</subfield></datafield><datafield ind1=' ' ind2=' ' tag='035'><subfield code='a'>ocn471634224</subfield><subfield code='9'>ExL</subfield></datafield><datafield ind1=' ' ind2=' ' tag='035'><subfield code='a'>PATG89-B09165</subfield></datafield><datafield ind1=' ' ind2=' ' tag='035'><subfield code='a'>ocn214287819</subfield></datafield><datafield ind1=' ' ind2=' ' tag='035'><subfield code='a'>(OCLC)ocn214287819</subfield></datafield><datafield ind1=' ' ind2=' ' tag='040'><subfield code='a'>MiU</subfield><subfield code='c'>MiU</subfield></datafield><datafield ind1=' ' ind2=' ' tag='079'><subfield code='a'>ocn214287819</subfield></datafield><datafield ind1=' ' ind2=' ' tag='090'><subfield code='a'>MT1.G653x 1989</subfield></datafield><datafield ind1='1' ind2='0' tag='100'><subfield code='a'>Gordon, Edwin,</subfield><subfield code='d'>1927-2015</subfield></datafield><datafield ind1='1' ind2='0' tag='245'><subfield code='a'>Learning sequences in music :</subfield><subfield code='b'>skill, content, and patterns /</subfield><subfield code='c'>by Edwin E. Gordon.</subfield></datafield><datafield ind1=' ' ind2=' ' tag='250'><subfield code='a'>1989 ed.</subfield></datafield><datafield ind1=' ' ind2=' ' tag='260'><subfield code='a'>Chicago :</subfield><subfield code='b'>G.I.A. Publications,</subfield><subfield code='c'>1989, c1988.</subfield></datafield><datafield ind1=' ' ind2=' ' tag='300'><subfield code='a'>xiii, 354 p. :</subfield><subfield code='b'>music ;</subfield><subfield code='c'>23 cm.</subfield></datafield><datafield ind1=' ' ind2=' ' tag='500'><subfield code='a'>Includes index.</subfield></datafield><datafield ind1=' ' ind2=' ' tag='504'><subfield code='a'>Bibliography: p. [343]-345.</subfield></datafield><datafield ind1=' ' ind2='0' tag='650'><subfield code='a'>Music</subfield><subfield code='x'>Instruction and study.</subfield></datafield><datafield ind1=' ' ind2=' ' tag='902'><subfield code='a'>170420</subfield></datafield><datafield ind1=' ' ind2=' ' tag='907'><subfield code='a'>.b15137892</subfield><subfield code='b'>multi</subfield><subfield code='c'>-</subfield></datafield><datafield ind1=' ' ind2=' ' tag='935'><subfield code='a'>00554177</subfield></datafield><datafield ind1=' ' ind2=' ' tag='945'><subfield code='l'>pstk </subfield><subfield code='g'>1</subfield></datafield><datafield ind1=' ' ind2=' ' tag='945'><subfield code='l'>muplc</subfield><subfield code='a'>MT1</subfield><subfield code='b'>.G646 1988</subfield><subfield code='g'>1</subfield></datafield><datafield ind1=' ' ind2=' ' tag='950'><subfield code='l'>P</subfield><subfield code='i'>05/23/89 N</subfield></datafield><datafield ind1=' ' ind2=' ' tag='955'><subfield code='l'>P</subfield><subfield code='c'>0</subfield><subfield code='i'>05/23/89 C</subfield></datafield><datafield ind1=' ' ind2=' ' tag='979'><subfield code='a'>ocn214287819</subfield></datafield><datafield ind1=' ' ind2=' ' tag='998'><subfield code='b'>2</subfield><subfield code='c'>990101</subfield><subfield code='d'>m</subfield><subfield code='e'>a</subfield><subfield code='f'>-</subfield><subfield code='g'>0</subfield></datafield><datafield ind1=' ' ind2=' ' tag='998'><subfield code='a'>05/23/89</subfield><subfield code='t'>c</subfield><subfield code='s'>9114</subfield><subfield code='n'>PPT</subfield><subfield code='w'>MIUG89B23705</subfield><subfield code='d'>05/23/89</subfield><subfield code='c'>RF</subfield><subfield code='b'>AS</subfield><subfield code='i'>890523</subfield><subfield code='l'>PATG</subfield></datafield><datafield ind1=' ' ind2=' ' tag='ADM'><subfield code='b'>2018-06-19 19:59:42</subfield><subfield code='e'>b15137892-01tuli_inst</subfield><subfield code='d'>ILS</subfield><subfield code='a'>2017-06-20 11:30:58</subfield><subfield code='c'>false</subfield></datafield><datafield ind1='8' ind2=' ' tag='HLD'><subfield code='b'>PRESSER</subfield><subfield code='c'>plc</subfield><subfield code='h'>MT1 .G646 1988</subfield><subfield code='8'>22311862320003811</subfield></datafield><datafield ind1='0' ind2=' ' tag='HLD'><subfield code='b'>MAIN</subfield><subfield code='c'>stacks</subfield><subfield code='h'>MT1.G653x 1989</subfield><subfield code='8'>22311862340003811</subfield></datafield><datafield ind1=' ' ind2=' ' tag='ITM'><subfield code='r'>22311862340003811</subfield><subfield code='b'>1</subfield><subfield code='h'>0</subfield><subfield code='g'>stacks</subfield><subfield code='t'>BOOK</subfield><subfield code='9'>39074006698351</subfield><subfield code='e'>stacks</subfield><subfield code='8'>23311862330003811</subfield><subfield code='a'>0</subfield><subfield code='q'>2017-06-20 11:30:58</subfield><subfield code='i'>MT1.G653x 1989</subfield><subfield code='d'>MAIN</subfield><subfield code='f'>MAIN</subfield></datafield><datafield ind1=' ' ind2=' ' tag='ITM'><subfield code='r'>22311862320003811</subfield><subfield code='b'>1</subfield><subfield code='h'>8</subfield><subfield code='g'>plc</subfield><subfield code='t'>BOOK</subfield><subfield code='e'>plc</subfield><subfield code='8'>23311862310003811</subfield><subfield code='a'>0</subfield><subfield code='q'>2017-06-20 11:30:58</subfield><subfield code='i'>MT1 .G646 1988</subfield><subfield code='d'>PRESSER</subfield><subfield code='f'>PRESSER</subfield></datafield></record>