
<record xmlns='http://www.loc.gov/MARC21/slim'><leader>01069ccm a2200313Ia 4500</leader><controlfield tag='005'>20180620005235.0</controlfield><controlfield tag='008'>910325s1989    txuzza         n    zxx d</controlfield><controlfield tag='001'>991036252949703811</controlfield><datafield ind1='3' ind2='2' tag='028'><subfield code='a'>ST-806</subfield><subfield code='b'>Southern Music</subfield></datafield><datafield ind1=' ' ind2=' ' tag='035'><subfield code='a'>(PPT)b2692562x-01tuli_inst</subfield></datafield><datafield ind1=' ' ind2=' ' tag='035'><subfield code='a'>(OCoLC)ocm23290451 </subfield><subfield code='9'>ExL</subfield></datafield><datafield ind1=' ' ind2=' ' tag='040'><subfield code='a'>FDA</subfield><subfield code='c'>FDA</subfield><subfield code='d'>IXA</subfield><subfield code='d'>OCL</subfield></datafield><datafield ind1=' ' ind2=' ' tag='048'><subfield code='a'>ba01</subfield><subfield code='a'>ka01</subfield></datafield><datafield ind1=' ' ind2=' ' tag='049'><subfield code='a'>TEUX</subfield></datafield><datafield ind1=' ' ind2=' ' tag='090'><subfield code='a'>M259.D38</subfield><subfield code='b'>C36 1989</subfield></datafield><datafield ind1='1' ind2=' ' tag='100'><subfield code='a'>Datshkovsky, Yasha.</subfield></datafield><datafield ind1='1' ind2='0' tag='240'><subfield code='a'>Canción de cuna de Alejandra;</subfield><subfield code='o'>arr.</subfield></datafield><datafield ind1='1' ind2='0' tag='245'><subfield code='a'>Lullaby for Alexandra /</subfield><subfield code='c'>by Jacobo Datshkovsky ; arranged for horn and piano by Arthur Ephross.</subfield></datafield><datafield ind1='1' ind2=' ' tag='246'><subfield code='i'>Parallel caption title:</subfield><subfield code='a'>Canción de cuna de Alejandra</subfield></datafield><datafield ind1=' ' ind2=' ' tag='260'><subfield code='a'>San Antonio, Tex. :</subfield><subfield code='b'>Southern Music,</subfield><subfield code='c'>c1989.</subfield></datafield><datafield ind1=' ' ind2=' ' tag='300'><subfield code='a'>1 score (4 p.) + 1 part ;</subfield><subfield code='c'>28 cm.</subfield></datafield><datafield ind1=' ' ind2='0' tag='650'><subfield code='a'>Horn and piano music, Arranged</subfield><subfield code='v'>Scores and parts.</subfield></datafield><datafield ind1=' ' ind2='0' tag='650'><subfield code='a'>Lullabies.</subfield></datafield><datafield ind1='1' ind2=' ' tag='700'><subfield code='a'>Ephross, Arthur J.</subfield></datafield><datafield ind1=' ' ind2=' ' tag='902'><subfield code='a'>161011</subfield></datafield><datafield ind1=' ' ind2=' ' tag='907'><subfield code='a'>.b2692562x</subfield><subfield code='b'>multi</subfield><subfield code='c'>-</subfield></datafield><datafield ind1=' ' ind2=' ' tag='945'><subfield code='l'>muatc</subfield><subfield code='a'>M265.D28</subfield><subfield code='b'>E76 Lu 1965 delete</subfield><subfield code='g'>1</subfield></datafield><datafield ind1=' ' ind2=' ' tag='945'><subfield code='l'>pstk </subfield><subfield code='g'>1</subfield></datafield><datafield ind1=' ' ind2=' ' tag='998'><subfield code='b'>1</subfield><subfield code='c'>040124</subfield><subfield code='d'>m</subfield><subfield code='e'>c</subfield><subfield code='f'>-</subfield><subfield code='g'>0</subfield></datafield><datafield ind1=' ' ind2=' ' tag='ADM'><subfield code='b'>2018-06-20 04:52:35</subfield><subfield code='e'>b2692562x-01tuli_inst</subfield><subfield code='d'>ILS</subfield><subfield code='a'>2017-06-20 08:27:02</subfield><subfield code='c'>false</subfield></datafield><datafield ind1='0' ind2=' ' tag='HLD'><subfield code='b'>PRESSER</subfield><subfield code='c'>presser</subfield><subfield code='h'>M265.D28 E76 Lu 1965 delete</subfield><subfield code='8'>22282145110003811</subfield></datafield><datafield ind1='0' ind2=' ' tag='HLD'><subfield code='b'>MAIN</subfield><subfield code='c'>stacks</subfield><subfield code='h'>M259.D38</subfield><subfield code='i'>C36 1989</subfield><subfield code='8'>22282145090003811</subfield></datafield><datafield ind1=' ' ind2=' ' tag='ITM'><subfield code='r'>22282145110003811</subfield><subfield code='b'>1</subfield><subfield code='h'>0</subfield><subfield code='g'>presser</subfield><subfield code='t'>SCORE</subfield><subfield code='e'>presser</subfield><subfield code='8'>23282145100003811</subfield><subfield code='a'>0</subfield><subfield code='q'>2017-06-20 08:27:02</subfield><subfield code='i'>M265.D28 E76 Lu 1965 delete</subfield><subfield code='d'>PRESSER</subfield><subfield code='f'>PRESSER</subfield></datafield><datafield ind1=' ' ind2=' ' tag='ITM'><subfield code='r'>22282145090003811</subfield><subfield code='b'>1</subfield><subfield code='h'>0</subfield><subfield code='g'>stacks</subfield><subfield code='t'>SCORE</subfield><subfield code='9'>39074026925750</subfield><subfield code='e'>stacks</subfield><subfield code='8'>23282145080003811</subfield><subfield code='a'>0</subfield><subfield code='q'>2017-06-20 08:27:02</subfield><subfield code='i'>M259.D38 C36 1989</subfield><subfield code='d'>MAIN</subfield><subfield code='f'>MAIN</subfield></datafield></record>