
<record xmlns='http://www.loc.gov/MARC21/slim'><leader>01428nam a2200409 a 4500</leader><controlfield tag='005'>20170825212423.0</controlfield><controlfield tag='008'>901025s1988    nyua     b    00010 eng  </controlfield><controlfield tag='001'>991026986559703811</controlfield><datafield ind1=' ' ind2=' ' tag='010'><subfield code='a'>88016648</subfield></datafield><datafield ind1=' ' ind2=' ' tag='020'><subfield code='a'>0915400715 :</subfield><subfield code='c'>14.95</subfield></datafield><datafield ind1=' ' ind2=' ' tag='035'><subfield code='a'>(PPT)b15568350-01tuli_inst</subfield></datafield><datafield ind1=' ' ind2=' ' tag='035'><subfield code='a'>ocn472005151</subfield><subfield code='9'>ExL</subfield></datafield><datafield ind1=' ' ind2=' ' tag='035'><subfield code='a'>PATG90-B24295</subfield></datafield><datafield ind1=' ' ind2=' ' tag='035'><subfield code='a'>ocm18015430</subfield></datafield><datafield ind1=' ' ind2=' ' tag='035'><subfield code='a'>(OCLC)ocm18015430</subfield></datafield><datafield ind1=' ' ind2=' ' tag='040'><subfield code='d'>PPT</subfield></datafield><datafield ind1=' ' ind2=' ' tag='043'><subfield code='a'>n-us---</subfield></datafield><datafield ind1=' ' ind2=' ' tag='079'><subfield code='a'>ocm18015430</subfield></datafield><datafield ind1=' ' ind2=' ' tag='090'><subfield code='a'>NX303.F69 1988</subfield></datafield><datafield ind1='1' ind2='0' tag='100'><subfield code='a'>Fowler, Charles B.</subfield></datafield><datafield ind1='1' ind2='0' tag='245'><subfield code='a'>Can we rescue the arts for America&apos;s children? :</subfield><subfield code='b'>coming to our senses 10 years later /</subfield><subfield code='c'>Charles Fowler.</subfield></datafield><datafield ind1=' ' ind2=' ' tag='260'><subfield code='a'>New York, N.Y. :</subfield><subfield code='b'>American Council for the Arts,</subfield><subfield code='c'>c1988.</subfield></datafield><datafield ind1=' ' ind2=' ' tag='300'><subfield code='a'>xv, 179 p. :</subfield><subfield code='b'>ill. ;</subfield><subfield code='c'>24 cm.</subfield></datafield><datafield ind1=' ' ind2=' ' tag='500'><subfield code='a'>&quot;A sequel to the 1977 panel study report, Coming to our senses: the significance of the arts for American education.&quot;</subfield></datafield><datafield ind1=' ' ind2=' ' tag='504'><subfield code='a'>Includes bibliographical references.</subfield></datafield><datafield ind1=' ' ind2='0' tag='650'><subfield code='a'>Arts</subfield><subfield code='x'>Study and teaching</subfield><subfield code='z'>United States.</subfield></datafield><datafield ind1='2' ind2='1' tag='710'><subfield code='a'>Arts, Education, and Americans Panel.</subfield><subfield code='t'>Coming to our senses.</subfield></datafield><datafield ind1=' ' ind2=' ' tag='902'><subfield code='a'>110309</subfield></datafield><datafield ind1=' ' ind2=' ' tag='907'><subfield code='a'>.b15568350</subfield><subfield code='b'>multi</subfield><subfield code='c'>-</subfield></datafield><datafield ind1=' ' ind2=' ' tag='935'><subfield code='a'>00599806</subfield></datafield><datafield ind1=' ' ind2=' ' tag='945'><subfield code='l'>pstk </subfield><subfield code='g'>1</subfield></datafield><datafield ind1=' ' ind2=' ' tag='945'><subfield code='l'>muplc</subfield><subfield code='g'>1</subfield></datafield><datafield ind1=' ' ind2=' ' tag='950'><subfield code='l'>P</subfield><subfield code='i'>10/25/90 N</subfield></datafield><datafield ind1=' ' ind2=' ' tag='955'><subfield code='l'>P</subfield><subfield code='c'>0</subfield><subfield code='r'>39074007545627</subfield><subfield code='i'>10/25/90 C</subfield></datafield><datafield ind1=' ' ind2=' ' tag='979'><subfield code='a'>ocm18015430</subfield></datafield><datafield ind1=' ' ind2=' ' tag='998'><subfield code='b'>2</subfield><subfield code='c'>990101</subfield><subfield code='d'>m</subfield><subfield code='e'>a</subfield><subfield code='f'>-</subfield><subfield code='g'>0</subfield></datafield><datafield ind1=' ' ind2=' ' tag='998'><subfield code='a'>10/25/90</subfield><subfield code='t'>c</subfield><subfield code='s'>9110</subfield><subfield code='n'>PPT</subfield><subfield code='w'>DCLC8816648B</subfield><subfield code='d'>10/25/90</subfield><subfield code='b'>RF</subfield><subfield code='i'>901025</subfield><subfield code='l'>PATG</subfield></datafield><datafield ind1=' ' ind2=' ' tag='ADM'><subfield code='b'>2018-06-20 01:27:47</subfield><subfield code='e'>b15568350-01tuli_inst</subfield><subfield code='d'>ILS</subfield><subfield code='a'>2017-06-20 12:15:01</subfield><subfield code='c'>false</subfield></datafield><datafield ind1='0' ind2=' ' tag='HLD'><subfield code='b'>PRESSER</subfield><subfield code='c'>plc</subfield><subfield code='h'>NX303.F69 1988</subfield><subfield code='8'>22316810100003811</subfield></datafield><datafield ind1='0' ind2=' ' tag='HLD'><subfield code='b'>MAIN</subfield><subfield code='c'>stacks</subfield><subfield code='h'>NX303.F69 1988</subfield><subfield code='8'>22316810120003811</subfield></datafield><datafield ind1=' ' ind2=' ' tag='ITM'><subfield code='r'>22316810120003811</subfield><subfield code='b'>1</subfield><subfield code='h'>0</subfield><subfield code='g'>stacks</subfield><subfield code='t'>BOOK</subfield><subfield code='9'>39074007545627</subfield><subfield code='e'>stacks</subfield><subfield code='8'>23316810110003811</subfield><subfield code='a'>0</subfield><subfield code='q'>2017-06-20 12:15:01</subfield><subfield code='i'>NX303.F69 1988</subfield><subfield code='d'>MAIN</subfield><subfield code='f'>MAIN</subfield></datafield><datafield ind1=' ' ind2=' ' tag='ITM'><subfield code='r'>22316810100003811</subfield><subfield code='b'>1</subfield><subfield code='h'>0</subfield><subfield code='g'>plc</subfield><subfield code='t'>BOOK</subfield><subfield code='e'>plc</subfield><subfield code='8'>23316810090003811</subfield><subfield code='a'>0</subfield><subfield code='q'>2017-06-20 12:15:01</subfield><subfield code='i'>NX303.F69 1988</subfield><subfield code='d'>PRESSER</subfield><subfield code='f'>PRESSER</subfield></datafield></record>