
<record xmlns='http://www.loc.gov/MARC21/slim'><leader>01374nam a22004210  4500</leader><controlfield tag='005'>20180619155307.0</controlfield><controlfield tag='008'>890221s1987    pauag         00010 eng  </controlfield><controlfield tag='001'>991024459239703811</controlfield><datafield ind1=' ' ind2=' ' tag='010'><subfield code='a'>87401979</subfield></datafield><datafield ind1=' ' ind2=' ' tag='020'><subfield code='a'>0939139049 (pbk.)</subfield></datafield><datafield ind1=' ' ind2=' ' tag='035'><subfield code='a'>(PPT)b15066113-01tuli_inst</subfield></datafield><datafield ind1=' ' ind2=' ' tag='035'><subfield code='a'>ocn471609515</subfield><subfield code='9'>ExL</subfield></datafield><datafield ind1=' ' ind2=' ' tag='035'><subfield code='a'>PATG89-B02593</subfield></datafield><datafield ind1=' ' ind2=' ' tag='035'><subfield code='a'>ocm16581179</subfield></datafield><datafield ind1=' ' ind2=' ' tag='035'><subfield code='a'>(OCLC)ocm16581179</subfield></datafield><datafield ind1=' ' ind2=' ' tag='040'><subfield code='d'>PPT</subfield></datafield><datafield ind1=' ' ind2=' ' tag='043'><subfield code='a'>n-us-pa</subfield></datafield><datafield ind1=' ' ind2=' ' tag='079'><subfield code='a'>ocm16581179</subfield></datafield><datafield ind1=' ' ind2=' ' tag='090'><subfield code='a'>MT733.F77 1987</subfield></datafield><datafield ind1='1' ind2='0' tag='100'><subfield code='a'>Fung, Gordon.</subfield></datafield><datafield ind1='1' ind2='0' tag='245'><subfield code='a'>Case study :</subfield><subfield code='b'>a successful band program /</subfield><subfield code='c'>Gordon Fung with Patrick Dorian.</subfield></datafield><datafield ind1=' ' ind2=' ' tag='260'><subfield code='a'>East Stroudsburg, PA :</subfield><subfield code='b'>Music in Action,</subfield><subfield code='c'>c1987.</subfield></datafield><datafield ind1=' ' ind2=' ' tag='300'><subfield code='a'>81 p. :</subfield><subfield code='b'>ill., music ;</subfield><subfield code='c'>23 cm.</subfield></datafield><datafield ind1='2' ind2='0' tag='610'><subfield code='a'>East Stroudsburg Area School District (Pa.)</subfield></datafield><datafield ind1=' ' ind2='0' tag='650'><subfield code='a'>Bands (Music)</subfield><subfield code='x'>Instruction and study</subfield><subfield code='z'>Pennsylvania</subfield><subfield code='z'>East Stroudsburg Region.</subfield></datafield><datafield ind1=' ' ind2='0' tag='650'><subfield code='a'>School music</subfield><subfield code='x'>Instruction and study</subfield><subfield code='z'>Pennsylvania</subfield><subfield code='z'>East Stroudsburg Region.</subfield></datafield><datafield ind1='1' ind2='0' tag='700'><subfield code='a'>Dorian, Patrick.</subfield></datafield><datafield ind1='0' ind2='1' tag='740'><subfield code='a'>Successful band program.</subfield></datafield><datafield ind1=' ' ind2=' ' tag='902'><subfield code='a'>110309</subfield></datafield><datafield ind1=' ' ind2=' ' tag='907'><subfield code='a'>.b15066113</subfield><subfield code='b'>multi</subfield><subfield code='c'>-</subfield></datafield><datafield ind1=' ' ind2=' ' tag='935'><subfield code='a'>00546793</subfield></datafield><datafield ind1=' ' ind2=' ' tag='945'><subfield code='l'>pstk </subfield><subfield code='g'>1</subfield></datafield><datafield ind1=' ' ind2=' ' tag='945'><subfield code='l'>muplc</subfield><subfield code='g'>1</subfield></datafield><datafield ind1=' ' ind2=' ' tag='950'><subfield code='l'>P</subfield><subfield code='i'>02/21/89 N</subfield></datafield><datafield ind1=' ' ind2=' ' tag='955'><subfield code='l'>P</subfield><subfield code='c'>0</subfield><subfield code='i'>02/21/89 C</subfield></datafield><datafield ind1=' ' ind2=' ' tag='979'><subfield code='a'>ocm16581179</subfield></datafield><datafield ind1=' ' ind2=' ' tag='998'><subfield code='b'>2</subfield><subfield code='c'>990101</subfield><subfield code='d'>m</subfield><subfield code='e'>a</subfield><subfield code='f'>-</subfield><subfield code='g'>0</subfield></datafield><datafield ind1=' ' ind2=' ' tag='998'><subfield code='a'>02/21/89</subfield><subfield code='t'>c</subfield><subfield code='s'>9110</subfield><subfield code='n'>PPT</subfield><subfield code='w'>DCLC87401979B</subfield><subfield code='d'>02/21/89</subfield><subfield code='c'>MFK</subfield><subfield code='b'>MK</subfield><subfield code='i'>890221</subfield><subfield code='l'>PATG</subfield></datafield><datafield ind1=' ' ind2=' ' tag='ADM'><subfield code='b'>2018-06-19 19:53:07</subfield><subfield code='e'>b15066113-01tuli_inst</subfield><subfield code='d'>ILS</subfield><subfield code='a'>2017-06-20 14:55:59</subfield><subfield code='c'>false</subfield></datafield><datafield ind1='0' ind2=' ' tag='HLD'><subfield code='b'>PRESSER</subfield><subfield code='c'>plc</subfield><subfield code='h'>MT733.F77 1987</subfield><subfield code='8'>22335064850003811</subfield></datafield><datafield ind1='0' ind2=' ' tag='HLD'><subfield code='b'>MAIN</subfield><subfield code='c'>stacks</subfield><subfield code='h'>MT733.F77 1987</subfield><subfield code='8'>22335064830003811</subfield></datafield><datafield ind1=' ' ind2=' ' tag='ITM'><subfield code='r'>22335064850003811</subfield><subfield code='b'>1</subfield><subfield code='h'>0</subfield><subfield code='g'>plc</subfield><subfield code='t'>BOOK</subfield><subfield code='e'>plc</subfield><subfield code='8'>23335064840003811</subfield><subfield code='a'>0</subfield><subfield code='q'>2017-06-20 14:55:59</subfield><subfield code='i'>MT733.F77 1987</subfield><subfield code='d'>PRESSER</subfield><subfield code='f'>PRESSER</subfield></datafield><datafield ind1=' ' ind2=' ' tag='ITM'><subfield code='r'>22335064830003811</subfield><subfield code='b'>1</subfield><subfield code='h'>0</subfield><subfield code='g'>stacks</subfield><subfield code='t'>BOOK</subfield><subfield code='9'>39074006504591</subfield><subfield code='e'>stacks</subfield><subfield code='8'>23335064820003811</subfield><subfield code='a'>0</subfield><subfield code='q'>2017-06-20 14:55:59</subfield><subfield code='i'>MT733.F77 1987</subfield><subfield code='d'>MAIN</subfield><subfield code='f'>MAIN</subfield></datafield></record>