
<record xmlns='http://www.loc.gov/MARC21/slim'><leader>01380ncm a22004570  4500</leader><controlfield tag='005'>20180619002253.0</controlfield><controlfield tag='008'>861208s1986    xxusnaa        n 1       </controlfield><controlfield tag='001'>991018571189703811</controlfield><datafield ind1=' ' ind2=' ' tag='010'><subfield code='a'>86754782/M</subfield></datafield><datafield ind1=' ' ind2=' ' tag='020'><subfield code='c'>8.00</subfield></datafield><datafield ind1='3' ind2='2' tag='028'><subfield code='a'>494-01327</subfield><subfield code='b'>Tenuto</subfield></datafield><datafield ind1='2' ind2='2' tag='028'><subfield code='a'>T273</subfield><subfield code='b'>Tenuto</subfield></datafield><datafield ind1=' ' ind2=' ' tag='035'><subfield code='a'>(PPT)b13777890-01tuli_inst</subfield></datafield><datafield ind1=' ' ind2=' ' tag='035'><subfield code='a'>ocn471364666</subfield><subfield code='9'>ExL</subfield></datafield><datafield ind1=' ' ind2=' ' tag='035'><subfield code='a'>PATG86-C00467</subfield></datafield><datafield ind1=' ' ind2=' ' tag='035'><subfield code='a'>ocm15164016</subfield></datafield><datafield ind1=' ' ind2=' ' tag='035'><subfield code='a'>(OCLC)ocm15164016</subfield></datafield><datafield ind1=' ' ind2=' ' tag='040'><subfield code='d'>PPT</subfield></datafield><datafield ind1='0' ind2=' ' tag='045'><subfield code='b'>d1966</subfield></datafield><datafield ind1=' ' ind2=' ' tag='048'><subfield code='a'>wc01</subfield><subfield code='a'>ka01</subfield></datafield><datafield ind1=' ' ind2=' ' tag='079'><subfield code='a'>ocm15164016</subfield></datafield><datafield ind1=' ' ind2=' ' tag='090'><subfield code='a'>M250.R87x no.4</subfield></datafield><datafield ind1='1' ind2='0' tag='100'><subfield code='a'>Russo, John.</subfield></datafield><datafield ind1='1' ind2='0' tag='240'><subfield code='a'>Sonatas,</subfield><subfield code='m'>clarinet, piano,</subfield><subfield code='n'>no. 4</subfield></datafield><datafield ind1='1' ind2='0' tag='245'><subfield code='a'>Sonata no. four for clarinet and piano /</subfield><subfield code='c'>John Russo.</subfield></datafield><datafield ind1=' ' ind2=' ' tag='260'><subfield code='a'>[United States] :</subfield><subfield code='b'>Tenuto ;</subfield><subfield code='a'>Bryn Mawr, Pa. :</subfield><subfield code='b'>Sole selling agent, Presser,</subfield><subfield code='c'>c1986.</subfield></datafield><datafield ind1=' ' ind2=' ' tag='300'><subfield code='a'>1 score (16 p.) + 1 part (4 p.) ;</subfield><subfield code='c'>30 cm.</subfield></datafield><datafield ind1=' ' ind2='0' tag='440'><subfield code='a'>Music by American composers</subfield></datafield><datafield ind1=' ' ind2=' ' tag='500'><subfield code='a'>Cover title.</subfield></datafield><datafield ind1=' ' ind2=' ' tag='500'><subfield code='a'>Duration: 9:20.</subfield></datafield><datafield ind1=' ' ind2='0' tag='650'><subfield code='a'>Sonatas (Clarinet and piano)</subfield><subfield code='v'>Scores and parts.</subfield></datafield><datafield ind1=' ' ind2=' ' tag='902'><subfield code='a'>140418</subfield></datafield><datafield ind1=' ' ind2=' ' tag='907'><subfield code='a'>.b13777890</subfield><subfield code='b'>multi</subfield><subfield code='c'>-</subfield></datafield><datafield ind1=' ' ind2=' ' tag='935'><subfield code='a'>00402884</subfield></datafield><datafield ind1=' ' ind2=' ' tag='945'><subfield code='l'>pstk </subfield><subfield code='g'>1</subfield></datafield><datafield ind1=' ' ind2=' ' tag='945'><subfield code='l'>mupll</subfield><subfield code='a'>Tenuto T 273</subfield><subfield code='g'>1</subfield></datafield><datafield ind1=' ' ind2=' ' tag='950'><subfield code='l'>P</subfield><subfield code='i'>07/06/87 C</subfield></datafield><datafield ind1=' ' ind2=' ' tag='955'><subfield code='l'>P</subfield><subfield code='c'>0</subfield><subfield code='i'>07/06/87 C</subfield></datafield><datafield ind1=' ' ind2=' ' tag='979'><subfield code='a'>ocm15164016</subfield></datafield><datafield ind1=' ' ind2=' ' tag='998'><subfield code='b'>2</subfield><subfield code='c'>990101</subfield><subfield code='d'>m</subfield><subfield code='e'>c</subfield><subfield code='f'>-</subfield><subfield code='g'>0</subfield></datafield><datafield ind1=' ' ind2=' ' tag='998'><subfield code='a'>07/06/87</subfield><subfield code='t'>b</subfield><subfield code='s'>9110</subfield><subfield code='n'>PPT</subfield><subfield code='w'>PATG86C467</subfield><subfield code='d'>12/08/86</subfield><subfield code='b'>AS</subfield><subfield code='i'>870706</subfield><subfield code='l'>PATG</subfield></datafield><datafield ind1=' ' ind2=' ' tag='ADM'><subfield code='b'>2018-06-19 04:22:53</subfield><subfield code='e'>b13777890-01tuli_inst</subfield><subfield code='d'>ILS</subfield><subfield code='a'>2017-06-20 07:24:09</subfield><subfield code='c'>false</subfield></datafield><datafield ind1='8' ind2=' ' tag='HLD'><subfield code='b'>PRESSER</subfield><subfield code='c'>plc</subfield><subfield code='h'>Tenuto T 273</subfield><subfield code='8'>22265866500003811</subfield></datafield><datafield ind1='0' ind2=' ' tag='HLD'><subfield code='b'>MAIN</subfield><subfield code='c'>stacks</subfield><subfield code='h'>M250.R87x no.4</subfield><subfield code='8'>22265866520003811</subfield></datafield><datafield ind1=' ' ind2=' ' tag='ITM'><subfield code='r'>22265866500003811</subfield><subfield code='b'>1</subfield><subfield code='h'>8</subfield><subfield code='g'>plc</subfield><subfield code='t'>SCORE</subfield><subfield code='9'>39074029678968</subfield><subfield code='e'>plc</subfield><subfield code='8'>23265866470003811</subfield><subfield code='a'>0</subfield><subfield code='q'>2017-06-20 07:24:09</subfield><subfield code='i'>Tenuto T 273</subfield><subfield code='d'>PRESSER</subfield><subfield code='f'>PRESSER</subfield></datafield><datafield ind1=' ' ind2=' ' tag='ITM'><subfield code='r'>22265866520003811</subfield><subfield code='b'>1</subfield><subfield code='h'>0</subfield><subfield code='g'>stacks</subfield><subfield code='t'>SCORE</subfield><subfield code='9'>39074004650479</subfield><subfield code='e'>stacks</subfield><subfield code='8'>23265866510003811</subfield><subfield code='a'>0</subfield><subfield code='q'>2017-06-20 07:24:09</subfield><subfield code='i'>M250.R87x no.4</subfield><subfield code='d'>MAIN</subfield><subfield code='f'>MAIN</subfield></datafield></record>