
<record xmlns='http://www.loc.gov/MARC21/slim'><leader>01397ccm a2200433   4500</leader><controlfield tag='005'>20180315185021.0</controlfield><controlfield tag='008'>860718s1985    enkuua   f     n         </controlfield><controlfield tag='001'>991018211179703811</controlfield><datafield ind1=' ' ind2=' ' tag='010'><subfield code='a'>86750063/M</subfield></datafield><datafield ind1='3' ind2='2' tag='028'><subfield code='a'>B. &amp; H. 20728</subfield><subfield code='b'>Boosey &amp; Hawkes</subfield></datafield><datafield ind1=' ' ind2=' ' tag='035'><subfield code='a'>(PPT)b13705210-01tuli_inst</subfield></datafield><datafield ind1=' ' ind2=' ' tag='035'><subfield code='a'>ocn471356266</subfield><subfield code='9'>ExL</subfield></datafield><datafield ind1=' ' ind2=' ' tag='035'><subfield code='a'>PATG86-C00204</subfield></datafield><datafield ind1=' ' ind2=' ' tag='035'><subfield code='a'>ocm13945758</subfield></datafield><datafield ind1=' ' ind2=' ' tag='035'><subfield code='a'>(OCLC)ocm13945758</subfield></datafield><datafield ind1=' ' ind2=' ' tag='040'><subfield code='d'>CStRLIN</subfield><subfield code='d'>PPT</subfield></datafield><datafield ind1=' ' ind2=' ' tag='048'><subfield code='a'>bb02</subfield><subfield code='a'>ba01</subfield><subfield code='a'>bd01</subfield><subfield code='a'>be01</subfield></datafield><datafield ind1=' ' ind2=' ' tag='079'><subfield code='a'>ocm13945758</subfield></datafield><datafield ind1=' ' ind2=' ' tag='090'><subfield code='a'>M557.4.J3</subfield><subfield code='b'>C5 1985</subfield></datafield><datafield ind1='1' ind2=' ' tag='100'><subfield code='a'>Jacob, Gordon,</subfield><subfield code='d'>1895-1984.</subfield></datafield><datafield ind1='1' ind2='0' tag='245'><subfield code='a'>Changing moods :</subfield><subfield code='b'>for brass quintet /</subfield><subfield code='c'>Gordon Jacob.</subfield></datafield><datafield ind1=' ' ind2=' ' tag='250'><subfield code='a'>Full score.</subfield></datafield><datafield ind1=' ' ind2=' ' tag='260'><subfield code='a'>London ;</subfield><subfield code='a'>New York :</subfield><subfield code='b'>Boosey &amp; Hawkes,</subfield><subfield code='c'>c1985.</subfield></datafield><datafield ind1=' ' ind2=' ' tag='300'><subfield code='a'>1 score (28 p.) + 5 parts ;</subfield><subfield code='c'>30 cm.</subfield></datafield><datafield ind1=' ' ind2='0' tag='440'><subfield code='a'>Brass together</subfield></datafield><datafield ind1=' ' ind2=' ' tag='500'><subfield code='a'>For 2 trumpets, horn, trombone, and tuba.</subfield></datafield><datafield ind1=' ' ind2=' ' tag='500'><subfield code='a'>&quot;Advanced.&quot;</subfield></datafield><datafield ind1='0' ind2=' ' tag='505'><subfield code='a'>Ceremonial -- Nostalgic -- Devotional -- Cheerful.</subfield></datafield><datafield ind1=' ' ind2='0' tag='650'><subfield code='a'>Brass quintets (Horn, trombone, trumpets (2), tuba)</subfield><subfield code='x'>Scores and parts.</subfield></datafield><datafield ind1=' ' ind2=' ' tag='902'><subfield code='a'>160502</subfield></datafield><datafield ind1=' ' ind2=' ' tag='907'><subfield code='a'>.b13705210</subfield><subfield code='b'>multi</subfield><subfield code='c'>-</subfield></datafield><datafield ind1=' ' ind2=' ' tag='935'><subfield code='a'>00394211</subfield></datafield><datafield ind1=' ' ind2=' ' tag='945'><subfield code='l'>muatc</subfield><subfield code='g'>1</subfield></datafield><datafield ind1=' ' ind2=' ' tag='945'><subfield code='l'>pstk </subfield><subfield code='g'>1</subfield></datafield><datafield ind1=' ' ind2=' ' tag='950'><subfield code='l'>P</subfield><subfield code='i'>03/23/87 C</subfield></datafield><datafield ind1=' ' ind2=' ' tag='955'><subfield code='l'>P</subfield><subfield code='c'>0</subfield><subfield code='q'>86-C204-1</subfield><subfield code='i'>03/23/87 C</subfield></datafield><datafield ind1=' ' ind2=' ' tag='979'><subfield code='a'>ocm13945758</subfield></datafield><datafield ind1=' ' ind2=' ' tag='998'><subfield code='b'>2</subfield><subfield code='c'>990101</subfield><subfield code='d'>m</subfield><subfield code='e'>c</subfield><subfield code='f'>-</subfield><subfield code='g'>0</subfield></datafield><datafield ind1=' ' ind2=' ' tag='998'><subfield code='a'>03/23/87</subfield><subfield code='t'>b</subfield><subfield code='s'>9110</subfield><subfield code='n'>PPT</subfield><subfield code='w'>PATG86C204</subfield><subfield code='d'>07/18/86</subfield><subfield code='c'>SM</subfield><subfield code='b'>CS</subfield><subfield code='i'>870323</subfield><subfield code='l'>PATG</subfield></datafield><datafield ind1=' ' ind2=' ' tag='ADM'><subfield code='b'>2018-06-19 04:18:45</subfield><subfield code='e'>b13705210-01tuli_inst</subfield><subfield code='d'>ILS</subfield><subfield code='a'>2017-06-20 09:11:12</subfield><subfield code='c'>false</subfield></datafield><datafield ind1='0' ind2=' ' tag='HLD'><subfield code='b'>MAIN</subfield><subfield code='c'>stacks</subfield><subfield code='h'>M557.4.J3</subfield><subfield code='i'>C5 1985</subfield><subfield code='8'>22291717920003811</subfield></datafield><datafield ind1='0' ind2=' ' tag='HLD'><subfield code='b'>PRESSER</subfield><subfield code='c'>presser</subfield><subfield code='h'>M557.4.J3</subfield><subfield code='i'>C5 1985</subfield><subfield code='8'>22291717900003811</subfield></datafield><datafield ind1=' ' ind2=' ' tag='ITM'><subfield code='r'>22291717900003811</subfield><subfield code='b'>1</subfield><subfield code='h'>0</subfield><subfield code='g'>presser</subfield><subfield code='t'>SCORE</subfield><subfield code='e'>presser</subfield><subfield code='8'>23291717890003811</subfield><subfield code='a'>0</subfield><subfield code='q'>2017-06-20 09:11:12</subfield><subfield code='i'>M557.4.J3 C5 1985</subfield><subfield code='d'>PRESSER</subfield><subfield code='f'>PRESSER</subfield></datafield><datafield ind1=' ' ind2=' ' tag='ITM'><subfield code='r'>22291717920003811</subfield><subfield code='b'>1</subfield><subfield code='h'>0</subfield><subfield code='g'>stacks</subfield><subfield code='t'>SCORE</subfield><subfield code='9'>39074007442726</subfield><subfield code='e'>stacks</subfield><subfield code='8'>23291717910003811</subfield><subfield code='a'>0</subfield><subfield code='q'>2017-06-20 09:11:12</subfield><subfield code='i'>M557.4.J3 C5 1985</subfield><subfield code='d'>MAIN</subfield><subfield code='f'>MAIN</subfield></datafield></record>