
<record xmlns='http://www.loc.gov/MARC21/slim'><leader>01174nam a22003730  4500</leader><controlfield tag='005'>20180619152857.0</controlfield><controlfield tag='008'>860626s1985    inua     b    00000 eng d</controlfield><controlfield tag='001'>991023081759703811</controlfield><datafield ind1=' ' ind2=' ' tag='035'><subfield code='a'>(PPT)b14769347-01tuli_inst</subfield></datafield><datafield ind1=' ' ind2=' ' tag='035'><subfield code='a'>ocn471479332</subfield><subfield code='9'>ExL</subfield></datafield><datafield ind1=' ' ind2=' ' tag='035'><subfield code='a'>PATG86-B17195</subfield></datafield><datafield ind1=' ' ind2=' ' tag='035'><subfield code='a'>ocm22011724</subfield></datafield><datafield ind1=' ' ind2=' ' tag='035'><subfield code='a'>(OCLC)ocm22011724</subfield></datafield><datafield ind1=' ' ind2=' ' tag='079'><subfield code='a'>ocm22011724</subfield></datafield><datafield ind1=' ' ind2=' ' tag='090'><subfield code='a'>LB2838.E855x 1985</subfield></datafield><datafield ind1='0' ind2='0' tag='245'><subfield code='a'>Evaluation of teaching :</subfield><subfield code='b'>the formative process /</subfield><subfield code='c'>Karen Klein, editor.</subfield></datafield><datafield ind1=' ' ind2=' ' tag='260'><subfield code='a'>Bloomington,IN. :</subfield><subfield code='b'>Phi Delta Kappa,</subfield><subfield code='c'>[1985?]</subfield></datafield><datafield ind1=' ' ind2=' ' tag='300'><subfield code='a'>298 p. :</subfield><subfield code='b'>ill. ;</subfield><subfield code='c'>28 cm.</subfield></datafield><datafield ind1=' ' ind2='0' tag='440'><subfield code='a'>Hot topics series ;</subfield><subfield code='v'>[no. 7]</subfield></datafield><datafield ind1=' ' ind2=' ' tag='500'><subfield code='a'>Cover title.</subfield></datafield><datafield ind1=' ' ind2=' ' tag='504'><subfield code='a'>Includes bibliographies.</subfield></datafield><datafield ind1=' ' ind2='0' tag='650'><subfield code='a'>Teachers</subfield><subfield code='x'>Rating of.</subfield></datafield><datafield ind1='1' ind2='0' tag='700'><subfield code='a'>Klein, Karen.</subfield></datafield><datafield ind1='2' ind2='0' tag='710'><subfield code='a'>Phi Delta Kappa.</subfield><subfield code='b'>Center on Evaluation, Development, and Research.</subfield></datafield><datafield ind1=' ' ind2=' ' tag='902'><subfield code='a'>110309</subfield></datafield><datafield ind1=' ' ind2=' ' tag='907'><subfield code='a'>.b14769347</subfield><subfield code='b'>multi</subfield><subfield code='c'>-</subfield></datafield><datafield ind1=' ' ind2=' ' tag='935'><subfield code='a'>00514557</subfield></datafield><datafield ind1=' ' ind2=' ' tag='945'><subfield code='l'>pstk </subfield><subfield code='g'>1</subfield></datafield><datafield ind1=' ' ind2=' ' tag='945'><subfield code='l'>muplc</subfield><subfield code='g'>1</subfield></datafield><datafield ind1=' ' ind2=' ' tag='950'><subfield code='l'>P</subfield><subfield code='i'>11/10/88 N</subfield></datafield><datafield ind1=' ' ind2=' ' tag='955'><subfield code='l'>P</subfield><subfield code='c'>0</subfield><subfield code='i'>11/10/88 C</subfield></datafield><datafield ind1=' ' ind2=' ' tag='979'><subfield code='a'>ocm22011724</subfield></datafield><datafield ind1=' ' ind2=' ' tag='998'><subfield code='b'>1</subfield><subfield code='c'>990101</subfield><subfield code='d'>m</subfield><subfield code='e'>a</subfield><subfield code='f'>-</subfield><subfield code='g'>0</subfield></datafield><datafield ind1=' ' ind2=' ' tag='998'><subfield code='a'>11/10/88</subfield><subfield code='t'>b</subfield><subfield code='s'>9118</subfield><subfield code='n'>PPT</subfield><subfield code='w'>UTBG86B18706</subfield><subfield code='d'>06/26/86</subfield><subfield code='c'>HC</subfield><subfield code='b'>AS</subfield><subfield code='i'>881110</subfield><subfield code='l'>PATG</subfield></datafield><datafield ind1=' ' ind2=' ' tag='ADM'><subfield code='b'>2018-06-19 19:28:57</subfield><subfield code='e'>b14769347-01tuli_inst</subfield><subfield code='d'>ILS</subfield><subfield code='a'>2017-06-20 11:47:30</subfield><subfield code='c'>false</subfield></datafield><datafield ind1='0' ind2=' ' tag='HLD'><subfield code='b'>PRESSER</subfield><subfield code='c'>plc</subfield><subfield code='h'>LB2838.E855x 1985</subfield><subfield code='8'>22313721840003811</subfield></datafield><datafield ind1='0' ind2=' ' tag='HLD'><subfield code='b'>MAIN</subfield><subfield code='c'>stacks</subfield><subfield code='h'>LB2838.E855x 1985</subfield><subfield code='8'>22313721820003811</subfield></datafield><datafield ind1=' ' ind2=' ' tag='ITM'><subfield code='r'>22313721840003811</subfield><subfield code='b'>1</subfield><subfield code='h'>0</subfield><subfield code='g'>plc</subfield><subfield code='t'>BOOK</subfield><subfield code='e'>plc</subfield><subfield code='8'>23313721830003811</subfield><subfield code='a'>0</subfield><subfield code='q'>2017-06-20 11:47:30</subfield><subfield code='i'>LB2838.E855x 1985</subfield><subfield code='d'>PRESSER</subfield><subfield code='f'>PRESSER</subfield></datafield><datafield ind1=' ' ind2=' ' tag='ITM'><subfield code='r'>22313721820003811</subfield><subfield code='b'>1</subfield><subfield code='h'>0</subfield><subfield code='g'>stacks</subfield><subfield code='t'>BOOK</subfield><subfield code='9'>39074006349013</subfield><subfield code='e'>stacks</subfield><subfield code='8'>23313721810003811</subfield><subfield code='a'>0</subfield><subfield code='q'>2017-06-20 11:47:30</subfield><subfield code='i'>LB2838.E855x 1985</subfield><subfield code='d'>MAIN</subfield><subfield code='f'>MAIN</subfield></datafield></record>