
<record xmlns='http://www.loc.gov/MARC21/slim'><leader>01231nam a2200385   4500</leader><controlfield tag='005'>20180315122037.0</controlfield><controlfield tag='008'>850125s1984    ctu           001 0 eng  </controlfield><controlfield tag='001'>991014575919703811</controlfield><datafield ind1=' ' ind2=' ' tag='010'><subfield code='a'>84005811/MN</subfield></datafield><datafield ind1=' ' ind2=' ' tag='020'><subfield code='a'>0300030584</subfield></datafield><datafield ind1=' ' ind2=' ' tag='035'><subfield code='a'>(PPT)b12973269-01tuli_inst</subfield></datafield><datafield ind1=' ' ind2=' ' tag='035'><subfield code='a'>ocn471255358</subfield><subfield code='9'>ExL</subfield></datafield><datafield ind1=' ' ind2=' ' tag='035'><subfield code='a'>PATG85-B01692</subfield></datafield><datafield ind1=' ' ind2=' ' tag='035'><subfield code='a'>ocm10558753</subfield></datafield><datafield ind1=' ' ind2=' ' tag='035'><subfield code='a'>(OCLC)ocm10558753</subfield></datafield><datafield ind1=' ' ind2=' ' tag='040'><subfield code='d'>CStRLIN</subfield><subfield code='d'>NhD</subfield><subfield code='d'>PPT</subfield></datafield><datafield ind1=' ' ind2=' ' tag='079'><subfield code='a'>ocm10558753</subfield></datafield><datafield ind1=' ' ind2=' ' tag='090'><subfield code='a'>MT145.B14</subfield><subfield code='b'>K57 1984</subfield></datafield><datafield ind1='1' ind2=' ' tag='100'><subfield code='a'>Kirkpatrick, Ralph.</subfield></datafield><datafield ind1='1' ind2='0' tag='245'><subfield code='a'>Interpreting Bach&apos;s Well-tempered clavier :</subfield><subfield code='b'>a performer&apos;s discourse of method /</subfield><subfield code='c'>Ralph Kirkpatrick.</subfield></datafield><datafield ind1=' ' ind2=' ' tag='260'><subfield code='a'>New Haven :</subfield><subfield code='b'>Yale University Press,</subfield><subfield code='c'>c1984.</subfield></datafield><datafield ind1=' ' ind2=' ' tag='263'><subfield code='a'>8411</subfield></datafield><datafield ind1=' ' ind2=' ' tag='300'><subfield code='a'>xvii, 132 p. :</subfield><subfield code='b'>ill. ;</subfield><subfield code='c'>22 cm.</subfield></datafield><datafield ind1=' ' ind2=' ' tag='500'><subfield code='a'>Includes index.</subfield></datafield><datafield ind1='1' ind2='0' tag='600'><subfield code='a'>Bach, Johann Sebastian,</subfield><subfield code='d'>1685-1750.</subfield><subfield code='t'>Wohltemperierte Klavier.</subfield></datafield><datafield ind1='0' ind2=' ' tag='740'><subfield code='a'>Well-tempered clavier.</subfield></datafield><datafield ind1=' ' ind2=' ' tag='907'><subfield code='a'>.b12973269</subfield><subfield code='b'>multi</subfield><subfield code='c'>-</subfield></datafield><datafield ind1=' ' ind2=' ' tag='935'><subfield code='a'>00316172</subfield></datafield><datafield ind1=' ' ind2=' ' tag='945'><subfield code='l'>muatc</subfield><subfield code='a'>MT145.B12K636 delete</subfield><subfield code='g'>1</subfield></datafield><datafield ind1=' ' ind2=' ' tag='945'><subfield code='l'>pstk </subfield><subfield code='g'>1</subfield></datafield><datafield ind1=' ' ind2=' ' tag='950'><subfield code='l'>P</subfield><subfield code='i'>01/25/85 C</subfield></datafield><datafield ind1=' ' ind2=' ' tag='955'><subfield code='l'>P</subfield><subfield code='i'>01/25/85 C</subfield></datafield><datafield ind1=' ' ind2=' ' tag='979'><subfield code='a'>ocm10558753</subfield></datafield><datafield ind1=' ' ind2=' ' tag='998'><subfield code='b'>2</subfield><subfield code='c'>990101</subfield><subfield code='d'>m</subfield><subfield code='e'>a</subfield><subfield code='f'>-</subfield><subfield code='g'>0</subfield></datafield><datafield ind1=' ' ind2=' ' tag='998'><subfield code='a'>01/25/85</subfield><subfield code='t'>c</subfield><subfield code='s'>9110</subfield><subfield code='n'>PPT</subfield><subfield code='w'>NHDG85B375</subfield><subfield code='d'>01/25/85</subfield><subfield code='b'>AJG</subfield><subfield code='i'>850125</subfield><subfield code='l'>PATG</subfield></datafield><datafield ind1=' ' ind2=' ' tag='ADM'><subfield code='b'>2018-06-19 03:29:57</subfield><subfield code='e'>b12973269-01tuli_inst</subfield><subfield code='d'>ILS</subfield><subfield code='a'>2017-06-20 07:25:25</subfield><subfield code='c'>false</subfield></datafield><datafield ind1='0' ind2=' ' tag='HLD'><subfield code='b'>PRESSER</subfield><subfield code='c'>presser</subfield><subfield code='h'>MT145.B12K636 delete</subfield><subfield code='8'>22266262010003811</subfield></datafield><datafield ind1='0' ind2=' ' tag='HLD'><subfield code='b'>MAIN</subfield><subfield code='c'>stacks</subfield><subfield code='h'>MT145.B14</subfield><subfield code='i'>K57 1984</subfield><subfield code='8'>22266261990003811</subfield></datafield><datafield ind1=' ' ind2=' ' tag='ITM'><subfield code='r'>22266262010003811</subfield><subfield code='b'>1</subfield><subfield code='h'>0</subfield><subfield code='g'>presser</subfield><subfield code='t'>BOOK</subfield><subfield code='e'>presser</subfield><subfield code='8'>23266262000003811</subfield><subfield code='a'>0</subfield><subfield code='q'>2017-06-20 07:25:25</subfield><subfield code='i'>MT145.B12K636 delete</subfield><subfield code='d'>PRESSER</subfield><subfield code='f'>PRESSER</subfield></datafield><datafield ind1=' ' ind2=' ' tag='ITM'><subfield code='r'>22266261990003811</subfield><subfield code='b'>1</subfield><subfield code='h'>0</subfield><subfield code='g'>stacks</subfield><subfield code='t'>BOOK</subfield><subfield code='9'>39074002463396</subfield><subfield code='e'>stacks</subfield><subfield code='8'>23266261980003811</subfield><subfield code='a'>0</subfield><subfield code='q'>2017-06-20 07:25:25</subfield><subfield code='i'>MT145.B14 K57 1984</subfield><subfield code='d'>MAIN</subfield><subfield code='f'>MAIN</subfield></datafield></record>