
<record xmlns='http://www.loc.gov/MARC21/slim'><leader>01327cam a22004210  4500</leader><controlfield tag='005'>20180618235449.0</controlfield><controlfield tag='008'>860407s1984    ohua     b    00110 eng  </controlfield><controlfield tag='001'>991017136969703811</controlfield><datafield ind1=' ' ind2=' ' tag='010'><subfield code='a'>83062584/MN</subfield></datafield><datafield ind1=' ' ind2=' ' tag='020'><subfield code='a'>0675201179 (pbk.)</subfield></datafield><datafield ind1=' ' ind2=' ' tag='035'><subfield code='a'>(PPT)b13489719-01tuli_inst</subfield></datafield><datafield ind1=' ' ind2=' ' tag='035'><subfield code='a'>ocn471325895</subfield><subfield code='9'>ExL</subfield></datafield><datafield ind1=' ' ind2=' ' tag='035'><subfield code='a'>PATG86-B11135</subfield></datafield><datafield ind1=' ' ind2=' ' tag='035'><subfield code='a'>ocm10254786</subfield></datafield><datafield ind1=' ' ind2=' ' tag='035'><subfield code='a'>(OCLC)ocm10254786</subfield></datafield><datafield ind1=' ' ind2=' ' tag='040'><subfield code='d'>CStRLIN</subfield></datafield><datafield ind1=' ' ind2=' ' tag='079'><subfield code='a'>ocm10254786</subfield></datafield><datafield ind1=' ' ind2=' ' tag='090'><subfield code='a'>MT1.H13 1984</subfield></datafield><datafield ind1='1' ind2='0' tag='100'><subfield code='a'>Haines, B. Joan E.</subfield><subfield code='q'>(Beatrice Joan Elizabeth),</subfield><subfield code='d'>1920-</subfield></datafield><datafield ind1='1' ind2='0' tag='245'><subfield code='a'>Leading young children to music :</subfield><subfield code='b'>a resource book for teachers /</subfield><subfield code='c'>B. Joan E. Haines, Linda L. Gerber.</subfield></datafield><datafield ind1=' ' ind2=' ' tag='250'><subfield code='a'>2nd ed.</subfield></datafield><datafield ind1=' ' ind2=' ' tag='260'><subfield code='a'>Columbus, Ohio :</subfield><subfield code='b'>C.E. Merrill,</subfield><subfield code='c'>c1984.</subfield></datafield><datafield ind1=' ' ind2=' ' tag='300'><subfield code='a'>viii, 296 p. :</subfield><subfield code='b'>ill. ;</subfield><subfield code='c'>25 cm.</subfield></datafield><datafield ind1=' ' ind2=' ' tag='500'><subfield code='a'>Includes indexes.</subfield></datafield><datafield ind1=' ' ind2=' ' tag='504'><subfield code='a'>Bibliography: p. [279]-282.</subfield></datafield><datafield ind1=' ' ind2=' ' tag='504'><subfield code='a'>Discography: p. 282-283.</subfield></datafield><datafield ind1=' ' ind2='0' tag='650'><subfield code='a'>School music</subfield><subfield code='x'>Instruction and study.</subfield></datafield><datafield ind1='1' ind2='0' tag='700'><subfield code='a'>Gerber, Linda L.</subfield></datafield><datafield ind1=' ' ind2=' ' tag='902'><subfield code='a'>150310</subfield></datafield><datafield ind1=' ' ind2=' ' tag='907'><subfield code='a'>.b13489719</subfield><subfield code='b'>multi</subfield><subfield code='c'>-</subfield></datafield><datafield ind1=' ' ind2=' ' tag='935'><subfield code='a'>00370336</subfield></datafield><datafield ind1=' ' ind2=' ' tag='945'><subfield code='l'>pstk </subfield><subfield code='g'>1</subfield></datafield><datafield ind1=' ' ind2=' ' tag='945'><subfield code='l'>muplc</subfield><subfield code='g'>1</subfield></datafield><datafield ind1=' ' ind2=' ' tag='950'><subfield code='l'>P</subfield><subfield code='i'>05/27/86 C</subfield></datafield><datafield ind1=' ' ind2=' ' tag='955'><subfield code='l'>P</subfield><subfield code='q'>86-B11135-1</subfield><subfield code='i'>05/27/86 C</subfield></datafield><datafield ind1=' ' ind2=' ' tag='979'><subfield code='a'>ocm10254786</subfield></datafield><datafield ind1=' ' ind2=' ' tag='998'><subfield code='b'>2</subfield><subfield code='c'>990101</subfield><subfield code='d'>m</subfield><subfield code='e'>a</subfield><subfield code='f'>-</subfield><subfield code='g'>0</subfield></datafield><datafield ind1=' ' ind2=' ' tag='998'><subfield code='a'>05/27/86</subfield><subfield code='t'>b</subfield><subfield code='s'>9110</subfield><subfield code='n'>PPT</subfield><subfield code='w'>DCLC8362584B</subfield><subfield code='d'>04/07/86</subfield><subfield code='b'>JR</subfield><subfield code='i'>860527</subfield><subfield code='l'>PATG</subfield></datafield><datafield ind1=' ' ind2=' ' tag='ADM'><subfield code='b'>2018-06-19 03:54:49</subfield><subfield code='e'>b13489719-01tuli_inst</subfield><subfield code='d'>ILS</subfield><subfield code='a'>2017-06-20 06:41:50</subfield><subfield code='c'>false</subfield></datafield><datafield ind1='0' ind2=' ' tag='HLD'><subfield code='b'>MAIN</subfield><subfield code='c'>stacks</subfield><subfield code='h'>MT1.H13 1984</subfield><subfield code='8'>22252838840003811</subfield></datafield><datafield ind1='0' ind2=' ' tag='HLD'><subfield code='b'>PRESSER</subfield><subfield code='c'>plc</subfield><subfield code='h'>MT1.H13 1984</subfield><subfield code='8'>22252838820003811</subfield></datafield><datafield ind1=' ' ind2=' ' tag='ITM'><subfield code='r'>22252838840003811</subfield><subfield code='b'>1</subfield><subfield code='h'>0</subfield><subfield code='g'>stacks</subfield><subfield code='t'>BOOK</subfield><subfield code='9'>39074003960259</subfield><subfield code='e'>stacks</subfield><subfield code='8'>23252838830003811</subfield><subfield code='a'>0</subfield><subfield code='q'>2017-06-20 06:41:50</subfield><subfield code='i'>MT1.H13 1984</subfield><subfield code='d'>MAIN</subfield><subfield code='f'>MAIN</subfield></datafield><datafield ind1=' ' ind2=' ' tag='ITM'><subfield code='r'>22252838820003811</subfield><subfield code='b'>1</subfield><subfield code='h'>0</subfield><subfield code='g'>plc</subfield><subfield code='t'>BOOK</subfield><subfield code='e'>plc</subfield><subfield code='8'>23252838810003811</subfield><subfield code='a'>0</subfield><subfield code='q'>2017-06-20 06:41:50</subfield><subfield code='i'>MT1.H13 1984</subfield><subfield code='d'>PRESSER</subfield><subfield code='f'>PRESSER</subfield></datafield></record>