
<record xmlns='http://www.loc.gov/MARC21/slim'><leader>01233ncm a2200397 a 4500</leader><controlfield tag='005'>20180315212826.0</controlfield><controlfield tag='008'>921218q19801988enkovb         n        d</controlfield><controlfield tag='001'>991030110079703811</controlfield><datafield ind1='3' ind2='0' tag='028'><subfield code='a'>646</subfield><subfield code='b'>Eulenburg</subfield></datafield><datafield ind1='2' ind2='2' tag='028'><subfield code='a'>E.E.3746</subfield><subfield code='b'>Eulenburg</subfield></datafield><datafield ind1=' ' ind2=' ' tag='035'><subfield code='a'>(PPT)b1619455x-01tuli_inst</subfield></datafield><datafield ind1=' ' ind2=' ' tag='035'><subfield code='a'>ocn476872697</subfield><subfield code='9'>ExL</subfield></datafield><datafield ind1=' ' ind2=' ' tag='035'><subfield code='a'>PATG92-C00548</subfield></datafield><datafield ind1=' ' ind2=' ' tag='035'><subfield code='a'>ocn472678653</subfield></datafield><datafield ind1=' ' ind2=' ' tag='035'><subfield code='a'>(OCLC)ocn472678653</subfield></datafield><datafield ind1=' ' ind2=' ' tag='040'><subfield code='a'>CL</subfield><subfield code='c'>CL</subfield></datafield><datafield ind1=' ' ind2=' ' tag='048'><subfield code='a'>oa</subfield></datafield><datafield ind1=' ' ind2=' ' tag='079'><subfield code='a'>ocn472678653</subfield></datafield><datafield ind1=' ' ind2=' ' tag='090'><subfield code='a'>M1004.S394M3x 1980</subfield></datafield><datafield ind1='1' ind2=' ' tag='100'><subfield code='a'>Schumann, Robert,</subfield><subfield code='d'>1810-1856.</subfield></datafield><datafield ind1='1' ind2='0' tag='240'><subfield code='a'>Manfred.</subfield><subfield code='p'>Ouvertüre</subfield></datafield><datafield ind1='1' ind2='0' tag='245'><subfield code='a'>Manfred :</subfield><subfield code='b'>overture for orchestra, op. 115 /</subfield><subfield code='c'>Robert Schumann.</subfield></datafield><datafield ind1=' ' ind2=' ' tag='260'><subfield code='a'>London ;</subfield><subfield code='a'>New York :</subfield><subfield code='b'>Eulenburg,</subfield><subfield code='c'>[198-?]</subfield></datafield><datafield ind1=' ' ind2=' ' tag='300'><subfield code='a'>1 miniature score (70 p.) ;</subfield><subfield code='c'>19 cm.</subfield></datafield><datafield ind1=' ' ind2=' ' tag='500'><subfield code='a'>Publisher&apos;s no.: Edition Eulenburg no. 646.</subfield></datafield><datafield ind1=' ' ind2='0' tag='650'><subfield code='a'>Overtures</subfield><subfield code='x'>Scores.</subfield></datafield><datafield ind1='0' ind2=' ' tag='740'><subfield code='a'>Manfred overture.</subfield></datafield><datafield ind1=' ' ind2=' ' tag='907'><subfield code='a'>.b1619455x</subfield><subfield code='b'>multi</subfield><subfield code='c'>-</subfield></datafield><datafield ind1=' ' ind2=' ' tag='935'><subfield code='a'>00676809</subfield></datafield><datafield ind1=' ' ind2=' ' tag='945'><subfield code='l'>pstk </subfield><subfield code='g'>1</subfield></datafield><datafield ind1=' ' ind2=' ' tag='945'><subfield code='l'>mupll</subfield><subfield code='a'>Eulenburg E 646</subfield><subfield code='g'>1</subfield></datafield><datafield ind1=' ' ind2=' ' tag='950'><subfield code='l'>P</subfield><subfield code='i'>12/18/92 N</subfield></datafield><datafield ind1=' ' ind2=' ' tag='955'><subfield code='l'>P</subfield><subfield code='c'>0</subfield><subfield code='i'>12/18/92 C</subfield></datafield><datafield ind1=' ' ind2=' ' tag='979'><subfield code='a'>ocn472678653</subfield></datafield><datafield ind1=' ' ind2=' ' tag='998'><subfield code='b'>1</subfield><subfield code='c'>990101</subfield><subfield code='d'>m</subfield><subfield code='e'>c</subfield><subfield code='f'>-</subfield><subfield code='g'>0</subfield></datafield><datafield ind1=' ' ind2=' ' tag='998'><subfield code='a'>12/18/92</subfield><subfield code='t'>c</subfield><subfield code='s'>9116</subfield><subfield code='n'>PPT</subfield><subfield code='w'>CLAG88C1131</subfield><subfield code='d'>12/18/92</subfield><subfield code='c'>RD</subfield><subfield code='b'>AT</subfield><subfield code='i'>921218</subfield><subfield code='l'>PATG</subfield></datafield><datafield ind1=' ' ind2=' ' tag='ADM'><subfield code='b'>2018-03-16 01:28:26</subfield><subfield code='e'>b1619455x-01tuli_inst</subfield><subfield code='d'>ILS</subfield><subfield code='a'>2017-06-20 10:40:27</subfield><subfield code='c'>false</subfield></datafield><datafield ind1='8' ind2=' ' tag='HLD'><subfield code='b'>PRESSER</subfield><subfield code='c'>plc</subfield><subfield code='h'>Eulenburg E 646</subfield><subfield code='8'>22305090520003811</subfield></datafield><datafield ind1='0' ind2=' ' tag='HLD'><subfield code='b'>MAIN</subfield><subfield code='c'>stacks</subfield><subfield code='h'>M1004.S394M3x 1980</subfield><subfield code='8'>22305090540003811</subfield></datafield><datafield ind1=' ' ind2=' ' tag='ITM'><subfield code='r'>22305090520003811</subfield><subfield code='b'>1</subfield><subfield code='h'>8</subfield><subfield code='g'>plc</subfield><subfield code='t'>SCORE</subfield><subfield code='9'>39074029676798</subfield><subfield code='e'>plc</subfield><subfield code='8'>23305090510003811</subfield><subfield code='a'>0</subfield><subfield code='q'>2017-06-20 10:40:27</subfield><subfield code='i'>Eulenburg E 646</subfield><subfield code='d'>PRESSER</subfield><subfield code='f'>PRESSER</subfield></datafield><datafield ind1=' ' ind2=' ' tag='ITM'><subfield code='r'>22305090540003811</subfield><subfield code='b'>1</subfield><subfield code='h'>0</subfield><subfield code='g'>stacks</subfield><subfield code='t'>SCORE</subfield><subfield code='9'>39074008138745</subfield><subfield code='e'>stacks</subfield><subfield code='8'>23305090530003811</subfield><subfield code='a'>0</subfield><subfield code='q'>2017-06-20 10:40:27</subfield><subfield code='i'>M1004.S394M3x 1980</subfield><subfield code='d'>MAIN</subfield><subfield code='f'>MAIN</subfield></datafield></record>