
<record xmlns='http://www.loc.gov/MARC21/slim'><leader>01471ccm a22004330  4500</leader><controlfield tag='005'>20180315184303.0</controlfield><controlfield tag='008'>850701r1984    nyuopa         n 1  ger  </controlfield><controlfield tag='001'>991016214959703811</controlfield><datafield ind1=' ' ind2=' ' tag='010'><subfield code='a'>83020560/M</subfield></datafield><datafield ind1=' ' ind2=' ' tag='020'><subfield code='a'>0486246493 :</subfield><subfield code='c'>$15.95</subfield></datafield><datafield ind1=' ' ind2=' ' tag='035'><subfield code='a'>(PPT)b13303454-01tuli_inst</subfield></datafield><datafield ind1=' ' ind2=' ' tag='035'><subfield code='a'>ocn471295129</subfield><subfield code='9'>ExL</subfield></datafield><datafield ind1=' ' ind2=' ' tag='035'><subfield code='a'>PATG85-C02836</subfield></datafield><datafield ind1=' ' ind2=' ' tag='035'><subfield code='a'>ocm11054552</subfield></datafield><datafield ind1=' ' ind2=' ' tag='035'><subfield code='a'>(OCLC)ocm11054552</subfield></datafield><datafield ind1=' ' ind2=' ' tag='040'><subfield code='d'>CStRLIN</subfield><subfield code='d'>PPT</subfield></datafield><datafield ind1='2' ind2=' ' tag='045'><subfield code='b'>d1845</subfield><subfield code='b'>d1861</subfield></datafield><datafield ind1=' ' ind2=' ' tag='079'><subfield code='a'>ocm11054552</subfield></datafield><datafield ind1=' ' ind2=' ' tag='090'><subfield code='a'>M1500.W13T44 1984</subfield></datafield><datafield ind1='1' ind2=' ' tag='100'><subfield code='a'>Wagner, Richard,</subfield><subfield code='d'>1813-1883.</subfield></datafield><datafield ind1='1' ind2='0' tag='240'><subfield code='a'>Tannhäuser.</subfield><subfield code='l'>German.</subfield></datafield><datafield ind1='1' ind2='0' tag='245'><subfield code='a'>Tannhäuser :</subfield><subfield code='b'>in full score /</subfield><subfield code='c'>Richard Wagner.</subfield></datafield><datafield ind1=' ' ind2=' ' tag='260'><subfield code='a'>New York :</subfield><subfield code='b'>Dover Publications,</subfield><subfield code='c'>1984.</subfield></datafield><datafield ind1=' ' ind2=' ' tag='300'><subfield code='a'>1 score (574 p.) ;</subfield><subfield code='c'>29 cm.</subfield></datafield><datafield ind1=' ' ind2=' ' tag='500'><subfield code='a'>Opera.</subfield></datafield><datafield ind1=' ' ind2=' ' tag='500'><subfield code='a'>German words.</subfield></datafield><datafield ind1=' ' ind2=' ' tag='500'><subfield code='a'>Libretto by the composer.</subfield></datafield><datafield ind1=' ' ind2=' ' tag='500'><subfield code='a'>Reprint. Originally published: Leipzig, C.F. Peters, n.d. (Publisher&apos;s no.: 10352).</subfield></datafield><datafield ind1=' ' ind2=' ' tag='500'><subfield code='a'>Dresden version (original 1845 version as slightly amended by the composer in 1847); supplement contains the composer&apos;s Paris revisions (1861).</subfield></datafield><datafield ind1=' ' ind2='0' tag='650'><subfield code='a'>Operas</subfield><subfield code='x'>Scores.</subfield></datafield><datafield ind1=' ' ind2=' ' tag='907'><subfield code='a'>.b13303454</subfield><subfield code='b'>multi</subfield><subfield code='c'>-</subfield></datafield><datafield ind1=' ' ind2=' ' tag='935'><subfield code='a'>00350603</subfield></datafield><datafield ind1=' ' ind2=' ' tag='945'><subfield code='l'>pstk </subfield><subfield code='g'>1</subfield></datafield><datafield ind1=' ' ind2=' ' tag='945'><subfield code='l'>mupll</subfield><subfield code='a'>Dover 24649</subfield><subfield code='g'>1</subfield></datafield><datafield ind1=' ' ind2=' ' tag='950'><subfield code='l'>P</subfield><subfield code='i'>11/05/85 C</subfield></datafield><datafield ind1=' ' ind2=' ' tag='955'><subfield code='l'>P</subfield><subfield code='q'>85-C2836-1</subfield><subfield code='i'>11/05/85 C</subfield></datafield><datafield ind1=' ' ind2=' ' tag='979'><subfield code='a'>ocm11054552</subfield></datafield><datafield ind1=' ' ind2=' ' tag='998'><subfield code='b'>1</subfield><subfield code='c'>990101</subfield><subfield code='d'>m</subfield><subfield code='e'>c</subfield><subfield code='f'>-</subfield><subfield code='g'>0</subfield></datafield><datafield ind1=' ' ind2=' ' tag='998'><subfield code='a'>11/05/85</subfield><subfield code='t'>b</subfield><subfield code='s'>9110</subfield><subfield code='n'>PPT</subfield><subfield code='w'>PATG85C2836</subfield><subfield code='d'>07/01/85</subfield><subfield code='c'>RD</subfield><subfield code='b'>NB</subfield><subfield code='i'>851105</subfield><subfield code='l'>PATG</subfield></datafield><datafield ind1=' ' ind2=' ' tag='ADM'><subfield code='b'>2018-06-19 03:44:50</subfield><subfield code='e'>b13303454-01tuli_inst</subfield><subfield code='d'>ILS</subfield><subfield code='a'>2017-06-20 15:01:45</subfield><subfield code='c'>false</subfield></datafield><datafield ind1='8' ind2=' ' tag='HLD'><subfield code='b'>PRESSER</subfield><subfield code='c'>plc</subfield><subfield code='h'>Dover 24649</subfield><subfield code='8'>22335728880003811</subfield></datafield><datafield ind1='0' ind2=' ' tag='HLD'><subfield code='b'>MAIN</subfield><subfield code='c'>stacks</subfield><subfield code='h'>M1500.W13T44 1984</subfield><subfield code='8'>22335728900003811</subfield></datafield><datafield ind1=' ' ind2=' ' tag='ITM'><subfield code='r'>22335728900003811</subfield><subfield code='b'>1</subfield><subfield code='h'>0</subfield><subfield code='g'>stacks</subfield><subfield code='t'>SCORE</subfield><subfield code='9'>39074005489638</subfield><subfield code='e'>stacks</subfield><subfield code='8'>23335728890003811</subfield><subfield code='a'>0</subfield><subfield code='q'>2017-06-20 15:01:45</subfield><subfield code='i'>M1500.W13T44 1984</subfield><subfield code='d'>MAIN</subfield><subfield code='f'>MAIN</subfield></datafield><datafield ind1=' ' ind2=' ' tag='ITM'><subfield code='r'>22335728880003811</subfield><subfield code='b'>1</subfield><subfield code='h'>8</subfield><subfield code='g'>plc</subfield><subfield code='t'>SCORE</subfield><subfield code='9'>39074029679933</subfield><subfield code='e'>plc</subfield><subfield code='8'>23335728870003811</subfield><subfield code='a'>0</subfield><subfield code='q'>2017-06-20 15:01:45</subfield><subfield code='i'>Dover 24649</subfield><subfield code='d'>PRESSER</subfield><subfield code='f'>PRESSER</subfield></datafield></record>