
<record xmlns='http://www.loc.gov/MARC21/slim'><leader>01632ccm a2200445   4500</leader><controlfield tag='005'>20180315183332.0</controlfield><controlfield tag='008'>840516s1983    nyuopa         n    ita d</controlfield><controlfield tag='001'>991013745239703811</controlfield><datafield ind1=' ' ind2=' ' tag='010'><subfield code='a'>83005140</subfield></datafield><datafield ind1=' ' ind2=' ' tag='020'><subfield code='a'>0486245284</subfield><subfield code='c'>$14.95.</subfield></datafield><datafield ind1=' ' ind2=' ' tag='035'><subfield code='a'>(PPT)b12806511-01tuli_inst</subfield></datafield><datafield ind1=' ' ind2=' ' tag='035'><subfield code='a'>ocn471225900</subfield><subfield code='9'>ExL</subfield></datafield><datafield ind1=' ' ind2=' ' tag='035'><subfield code='a'>PATG84-C00217</subfield></datafield><datafield ind1=' ' ind2=' ' tag='035'><subfield code='a'>ocm10344817</subfield></datafield><datafield ind1=' ' ind2=' ' tag='035'><subfield code='a'>(OCLC)ocm10344817</subfield></datafield><datafield ind1=' ' ind2=' ' tag='040'><subfield code='a'>CO</subfield><subfield code='c'>CO</subfield><subfield code='d'>MdBPC</subfield><subfield code='d'>PPT</subfield></datafield><datafield ind1='0' ind2=' ' tag='041'><subfield code='a'>gerita</subfield><subfield code='g'>eng</subfield></datafield><datafield ind1='0' ind2=' ' tag='045'><subfield code='b'>d1790</subfield></datafield><datafield ind1=' ' ind2=' ' tag='079'><subfield code='a'>ocm10344817</subfield></datafield><datafield ind1=' ' ind2=' ' tag='090'><subfield code='a'>M1500.M84</subfield><subfield code='b'>C542 1983</subfield></datafield><datafield ind1='1' ind2=' ' tag='100'><subfield code='a'>Mozart, Wolfgang Amadeus,</subfield><subfield code='d'>1756-1791.</subfield></datafield><datafield ind1='1' ind2='0' tag='240'><subfield code='a'>Così fan tutte.</subfield><subfield code='l'>German &amp; Italian</subfield></datafield><datafield ind1='1' ind2='0' tag='245'><subfield code='a'>Così fan tutte :</subfield><subfield code='b'>in full score /</subfield><subfield code='c'>Wolfgang Amadeus Mozart.</subfield></datafield><datafield ind1=' ' ind2=' ' tag='260'><subfield code='a'>New York :</subfield><subfield code='b'>Dover,</subfield><subfield code='c'>c1983.</subfield></datafield><datafield ind1=' ' ind2=' ' tag='300'><subfield code='a'>1 score (436 p.) ;</subfield><subfield code='c'>31cm.</subfield></datafield><datafield ind1=' ' ind2=' ' tag='500'><subfield code='a'>Libretto by Lorenzo Da Ponte.</subfield></datafield><datafield ind1=' ' ind2=' ' tag='500'><subfield code='a'>Originally edited by Georg Schünemann and Kurt Soldan; German translation of libretto by Schünemann; editorial matter translated into English by Stanley Appelbaum.</subfield></datafield><datafield ind1=' ' ind2=' ' tag='500'><subfield code='a'>Reprint.  Originally published: Leipzig : C. F. Peters, 1941.</subfield></datafield><datafield ind1=' ' ind2='0' tag='650'><subfield code='a'>Operas</subfield><subfield code='x'>Scores.</subfield></datafield><datafield ind1='1' ind2=' ' tag='700'><subfield code='a'>Da Ponte, Lorenzo,</subfield><subfield code='d'>1749-1838</subfield></datafield><datafield ind1='4' ind2='2' tag='856'><subfield code='z'>Access description provided by publisher.</subfield><subfield code='u'>http://www.loc.gov/catdir/description/dover031/83005140.html</subfield></datafield><datafield ind1=' ' ind2=' ' tag='907'><subfield code='a'>.b12806511</subfield><subfield code='b'>multi</subfield><subfield code='c'>-</subfield></datafield><datafield ind1=' ' ind2=' ' tag='935'><subfield code='a'>00298970</subfield></datafield><datafield ind1=' ' ind2=' ' tag='945'><subfield code='l'>pstk </subfield><subfield code='g'>1</subfield></datafield><datafield ind1=' ' ind2=' ' tag='945'><subfield code='l'>mupll</subfield><subfield code='a'>Dover 24528</subfield><subfield code='g'>1</subfield></datafield><datafield ind1=' ' ind2=' ' tag='950'><subfield code='l'>P</subfield><subfield code='i'>07/03/84 C</subfield></datafield><datafield ind1=' ' ind2=' ' tag='955'><subfield code='l'>P</subfield><subfield code='i'>07/03/84 C</subfield></datafield><datafield ind1=' ' ind2=' ' tag='979'><subfield code='a'>ocm10344817</subfield></datafield><datafield ind1=' ' ind2=' ' tag='998'><subfield code='b'>1</subfield><subfield code='c'>990101</subfield><subfield code='d'>m</subfield><subfield code='e'>c</subfield><subfield code='f'>-</subfield><subfield code='g'>0</subfield></datafield><datafield ind1=' ' ind2=' ' tag='998'><subfield code='a'>07/03/84</subfield><subfield code='t'>b</subfield><subfield code='s'>9116</subfield><subfield code='n'>PPT</subfield><subfield code='w'>PATG84C217</subfield><subfield code='d'>05/16/84</subfield><subfield code='c'>RD</subfield><subfield code='b'>BK</subfield><subfield code='i'>840703</subfield><subfield code='l'>PATG</subfield></datafield><datafield ind1=' ' ind2=' ' tag='ADM'><subfield code='b'>2018-06-19 03:17:41</subfield><subfield code='e'>b12806511-01tuli_inst</subfield><subfield code='d'>ILS</subfield><subfield code='a'>2017-06-20 06:37:20</subfield><subfield code='c'>false</subfield></datafield><datafield ind1='0' ind2=' ' tag='HLD'><subfield code='b'>MAIN</subfield><subfield code='c'>stacks</subfield><subfield code='h'>M1500.M84</subfield><subfield code='i'>C542 1983</subfield><subfield code='8'>22251352810003811</subfield></datafield><datafield ind1='8' ind2=' ' tag='HLD'><subfield code='b'>PRESSER</subfield><subfield code='c'>plc</subfield><subfield code='h'>Dover 24528</subfield><subfield code='8'>22251352770003811</subfield></datafield><datafield ind1=' ' ind2=' ' tag='ITM'><subfield code='r'>22251352810003811</subfield><subfield code='b'>1</subfield><subfield code='h'>0</subfield><subfield code='g'>stacks</subfield><subfield code='t'>SCORE</subfield><subfield code='9'>39074002589216</subfield><subfield code='e'>stacks</subfield><subfield code='8'>23251352800003811</subfield><subfield code='a'>0</subfield><subfield code='q'>2017-06-20 06:37:20</subfield><subfield code='i'>M1500.M84 C542 1983</subfield><subfield code='d'>MAIN</subfield><subfield code='f'>MAIN</subfield></datafield><datafield ind1=' ' ind2=' ' tag='ITM'><subfield code='r'>22251352770003811</subfield><subfield code='b'>1</subfield><subfield code='h'>8</subfield><subfield code='g'>plc</subfield><subfield code='t'>SCORE</subfield><subfield code='9'>39074029676301</subfield><subfield code='e'>plc</subfield><subfield code='8'>23251352750003811</subfield><subfield code='a'>0</subfield><subfield code='q'>2017-06-20 06:37:20</subfield><subfield code='i'>Dover 24528</subfield><subfield code='d'>PRESSER</subfield><subfield code='f'>PRESSER</subfield></datafield></record>