
<record xmlns='http://www.loc.gov/MARC21/slim'><leader>01190ccm a22004090  4500</leader><controlfield tag='005'>20180618235240.0</controlfield><controlfield tag='008'>840119s1983    pauuuzn        n 1       </controlfield><controlfield tag='001'>991016986459703811</controlfield><datafield ind1=' ' ind2=' ' tag='010'><subfield code='a'>84755103/M/r85</subfield></datafield><datafield ind1=' ' ind2=' ' tag='020'><subfield code='c'>$2.25</subfield></datafield><datafield ind1='3' ind2='2' tag='028'><subfield code='a'>114-40298</subfield><subfield code='b'>Presser</subfield></datafield><datafield ind1=' ' ind2=' ' tag='035'><subfield code='a'>(PPT)b1345917x-01tuli_inst</subfield></datafield><datafield ind1=' ' ind2=' ' tag='035'><subfield code='a'>ocn471320893</subfield><subfield code='9'>ExL</subfield></datafield><datafield ind1=' ' ind2=' ' tag='035'><subfield code='a'>PATG84-C00019</subfield></datafield><datafield ind1=' ' ind2=' ' tag='035'><subfield code='a'>ocm10067208</subfield></datafield><datafield ind1=' ' ind2=' ' tag='035'><subfield code='a'>(OCLC)ocm10067208</subfield></datafield><datafield ind1=' ' ind2=' ' tag='040'><subfield code='d'>CStRLIN</subfield><subfield code='d'>PPT</subfield></datafield><datafield ind1=' ' ind2=' ' tag='048'><subfield code='a'>wd01</subfield></datafield><datafield ind1=' ' ind2=' ' tag='079'><subfield code='a'>ocm10067208</subfield></datafield><datafield ind1=' ' ind2=' ' tag='090'><subfield code='a'>M77.R47P3x</subfield></datafield><datafield ind1='1' ind2='0' tag='100'><subfield code='a'>Russo, John.</subfield></datafield><datafield ind1='1' ind2='0' tag='240'><subfield code='a'>Pastorale and tarantella,</subfield><subfield code='m'>bassoon</subfield></datafield><datafield ind1='1' ind2='0' tag='245'><subfield code='a'>Pastorale and tarantella for solo bassoon /</subfield><subfield code='c'>John Russo.</subfield></datafield><datafield ind1=' ' ind2=' ' tag='260'><subfield code='a'>Bryn Mawr, Pa. :</subfield><subfield code='b'>Presser,</subfield><subfield code='c'>c1983.</subfield></datafield><datafield ind1=' ' ind2=' ' tag='300'><subfield code='a'>3 p. of music ;</subfield><subfield code='c'>31 cm.</subfield></datafield><datafield ind1=' ' ind2=' ' tag='500'><subfield code='a'>Duration: ca. 4:14.</subfield></datafield><datafield ind1=' ' ind2='0' tag='650'><subfield code='a'>Bassoon music.</subfield></datafield><datafield ind1=' ' ind2=' ' tag='902'><subfield code='a'>140418</subfield></datafield><datafield ind1=' ' ind2=' ' tag='907'><subfield code='a'>.b1345917x</subfield><subfield code='b'>multi</subfield><subfield code='c'>-</subfield></datafield><datafield ind1=' ' ind2=' ' tag='935'><subfield code='a'>00366964</subfield></datafield><datafield ind1=' ' ind2=' ' tag='945'><subfield code='l'>pstk </subfield><subfield code='g'>1</subfield></datafield><datafield ind1=' ' ind2=' ' tag='945'><subfield code='l'>mupll</subfield><subfield code='a'>Theodore Presser TP 114</subfield><subfield code='g'>1</subfield></datafield><datafield ind1=' ' ind2=' ' tag='950'><subfield code='l'>P</subfield><subfield code='i'>04/29/86 C</subfield></datafield><datafield ind1=' ' ind2=' ' tag='955'><subfield code='l'>P</subfield><subfield code='q'>84-C19-1</subfield><subfield code='i'>04/29/86 C</subfield></datafield><datafield ind1=' ' ind2=' ' tag='979'><subfield code='a'>ocm10067208</subfield></datafield><datafield ind1=' ' ind2=' ' tag='998'><subfield code='b'>1</subfield><subfield code='c'>990101</subfield><subfield code='d'>m</subfield><subfield code='e'>c</subfield><subfield code='f'>-</subfield><subfield code='g'>0</subfield></datafield><datafield ind1=' ' ind2=' ' tag='998'><subfield code='a'>04/29/86</subfield><subfield code='t'>b</subfield><subfield code='s'>9110</subfield><subfield code='n'>PPT</subfield><subfield code='w'>PATG84C19</subfield><subfield code='d'>01/19/84</subfield><subfield code='c'>SM</subfield><subfield code='b'>CS</subfield><subfield code='i'>860429</subfield><subfield code='l'>PATG</subfield></datafield><datafield ind1=' ' ind2=' ' tag='ADM'><subfield code='b'>2018-06-19 03:52:40</subfield><subfield code='e'>b1345917x-01tuli_inst</subfield><subfield code='d'>ILS</subfield><subfield code='a'>2017-06-20 14:07:00</subfield><subfield code='c'>false</subfield></datafield><datafield ind1='0' ind2=' ' tag='HLD'><subfield code='b'>MAIN</subfield><subfield code='c'>stacks</subfield><subfield code='h'>M77.R47P3x</subfield><subfield code='8'>22329400920003811</subfield></datafield><datafield ind1='8' ind2=' ' tag='HLD'><subfield code='b'>PRESSER</subfield><subfield code='c'>plc</subfield><subfield code='h'>Theodore Presser TP 114</subfield><subfield code='8'>22329400900003811</subfield></datafield><datafield ind1=' ' ind2=' ' tag='ITM'><subfield code='r'>22329400900003811</subfield><subfield code='b'>1</subfield><subfield code='h'>8</subfield><subfield code='g'>plc</subfield><subfield code='t'>SCORE</subfield><subfield code='9'>39074029678893</subfield><subfield code='e'>plc</subfield><subfield code='8'>23329400890003811</subfield><subfield code='a'>0</subfield><subfield code='q'>2017-06-20 14:07:00</subfield><subfield code='i'>Theodore Presser TP 114</subfield><subfield code='d'>PRESSER</subfield><subfield code='f'>PRESSER</subfield></datafield><datafield ind1=' ' ind2=' ' tag='ITM'><subfield code='r'>22329400920003811</subfield><subfield code='b'>1</subfield><subfield code='h'>0</subfield><subfield code='g'>stacks</subfield><subfield code='t'>SCORE</subfield><subfield code='9'>39074005407606</subfield><subfield code='e'>stacks</subfield><subfield code='8'>23329400910003811</subfield><subfield code='a'>0</subfield><subfield code='q'>2017-06-20 14:07:00</subfield><subfield code='i'>M77.R47P3x</subfield><subfield code='d'>MAIN</subfield><subfield code='f'>MAIN</subfield></datafield></record>