
<record xmlns='http://www.loc.gov/MARC21/slim'><leader>01167cam a22003730  4500</leader><controlfield tag='005'>20180315184647.0</controlfield><controlfield tag='008'>851119s1983    moudg         00110 eng d</controlfield><controlfield tag='001'>991017467619703811</controlfield><datafield ind1=' ' ind2=' ' tag='020'><subfield code='a'>0918812313</subfield></datafield><datafield ind1=' ' ind2=' ' tag='035'><subfield code='a'>(PPT)b13555571-01tuli_inst</subfield></datafield><datafield ind1=' ' ind2=' ' tag='035'><subfield code='a'>ocn471335454</subfield><subfield code='9'>ExL</subfield></datafield><datafield ind1=' ' ind2=' ' tag='035'><subfield code='a'>PATG85-B30921</subfield></datafield><datafield ind1=' ' ind2=' ' tag='035'><subfield code='a'>ocm70315589</subfield></datafield><datafield ind1=' ' ind2=' ' tag='035'><subfield code='a'>(OCLC)ocm70315589</subfield></datafield><datafield ind1=' ' ind2=' ' tag='040'><subfield code='a'>PPT</subfield><subfield code='c'>PPT</subfield></datafield><datafield ind1=' ' ind2=' ' tag='079'><subfield code='a'>ocm70315589</subfield></datafield><datafield ind1=' ' ind2=' ' tag='090'><subfield code='a'>MT17.K76T4x</subfield></datafield><datafield ind1='1' ind2='0' tag='100'><subfield code='a'>Krout, Robert.</subfield></datafield><datafield ind1='1' ind2='0' tag='245'><subfield code='a'>Teaching basic guitar skills to special learners :</subfield><subfield code='b'>a data-based approach /</subfield><subfield code='c'>Robert Krout.</subfield></datafield><datafield ind1=' ' ind2=' ' tag='260'><subfield code='a'>St. Louis :</subfield><subfield code='b'>[Magnamusic Baton],</subfield><subfield code='c'>1983.</subfield></datafield><datafield ind1=' ' ind2=' ' tag='300'><subfield code='a'>90 p.</subfield><subfield code='b'>illus., music.</subfield><subfield code='c'>31cm.</subfield></datafield><datafield ind1=' ' ind2='0' tag='650'><subfield code='a'>Music therapy.</subfield></datafield><datafield ind1=' ' ind2='0' tag='650'><subfield code='a'>Children with disabilities</subfield><subfield code='x'>Education</subfield><subfield code='x'>Music.</subfield></datafield><datafield ind1=' ' ind2='0' tag='650'><subfield code='a'>Guitar music</subfield><subfield code='x'>Teaching pieces.</subfield></datafield><datafield ind1=' ' ind2=' ' tag='902'><subfield code='a'>160422</subfield></datafield><datafield ind1=' ' ind2=' ' tag='907'><subfield code='a'>.b13555571</subfield><subfield code='b'>multi</subfield><subfield code='c'>-</subfield></datafield><datafield ind1=' ' ind2=' ' tag='935'><subfield code='a'>00377816</subfield></datafield><datafield ind1=' ' ind2=' ' tag='945'><subfield code='l'>pstk </subfield><subfield code='g'>1</subfield></datafield><datafield ind1=' ' ind2=' ' tag='945'><subfield code='l'>muplc</subfield><subfield code='a'>MT17</subfield><subfield code='b'>.K76 1983</subfield><subfield code='g'>1</subfield></datafield><datafield ind1=' ' ind2=' ' tag='950'><subfield code='l'>P</subfield><subfield code='i'>08/21/86 C</subfield></datafield><datafield ind1=' ' ind2=' ' tag='955'><subfield code='l'>P</subfield><subfield code='q'>85-B30921-1</subfield><subfield code='i'>08/21/86 C</subfield></datafield><datafield ind1=' ' ind2=' ' tag='979'><subfield code='a'>ocm70315589</subfield></datafield><datafield ind1=' ' ind2=' ' tag='998'><subfield code='b'>2</subfield><subfield code='c'>990101</subfield><subfield code='d'>m</subfield><subfield code='e'>a</subfield><subfield code='f'>-</subfield><subfield code='g'>0</subfield></datafield><datafield ind1=' ' ind2=' ' tag='998'><subfield code='a'>08/21/86</subfield><subfield code='t'>b</subfield><subfield code='s'>9118</subfield><subfield code='n'>PPT</subfield><subfield code='w'>COSG84B10681</subfield><subfield code='d'>11/19/85</subfield><subfield code='b'>JU</subfield><subfield code='i'>860821</subfield><subfield code='l'>PATG</subfield></datafield><datafield ind1=' ' ind2=' ' tag='ADM'><subfield code='b'>2018-06-19 03:58:43</subfield><subfield code='e'>b13555571-01tuli_inst</subfield><subfield code='d'>ILS</subfield><subfield code='a'>2017-06-20 07:13:40</subfield><subfield code='c'>false</subfield></datafield><datafield ind1='0' ind2=' ' tag='HLD'><subfield code='b'>PRESSER</subfield><subfield code='c'>plc</subfield><subfield code='h'>MT17 .K76 1983</subfield><subfield code='8'>22262971410003811</subfield></datafield><datafield ind1='0' ind2=' ' tag='HLD'><subfield code='b'>MAIN</subfield><subfield code='c'>stacks</subfield><subfield code='h'>MT17.K76T4x</subfield><subfield code='8'>22262971430003811</subfield></datafield><datafield ind1=' ' ind2=' ' tag='ITM'><subfield code='r'>22262971410003811</subfield><subfield code='b'>1</subfield><subfield code='h'>0</subfield><subfield code='g'>plc</subfield><subfield code='t'>BOOK</subfield><subfield code='e'>plc</subfield><subfield code='8'>23262971400003811</subfield><subfield code='a'>0</subfield><subfield code='q'>2017-06-20 07:13:40</subfield><subfield code='i'>MT17 .K76 1983</subfield><subfield code='d'>PRESSER</subfield><subfield code='f'>PRESSER</subfield></datafield><datafield ind1=' ' ind2=' ' tag='ITM'><subfield code='r'>22262971430003811</subfield><subfield code='b'>0</subfield><subfield code='u'>MISSING</subfield><subfield code='h'>0</subfield><subfield code='g'>stacks</subfield><subfield code='t'>BOOK</subfield><subfield code='9'>39074004358347</subfield><subfield code='e'>stacks</subfield><subfield code='8'>23262971420003811</subfield><subfield code='a'>0</subfield><subfield code='q'>2017-06-20 07:13:40</subfield><subfield code='i'>MT17.K76T4x</subfield><subfield code='d'>MAIN</subfield><subfield code='f'>MAIN</subfield></datafield></record>