
<record xmlns='http://www.loc.gov/MARC21/slim'><leader>01307ccm a2200385   4500</leader><controlfield tag='005'>20180315184400.0</controlfield><controlfield tag='008'>830601s1982    fr zza         n         </controlfield><controlfield tag='001'>991016712699703811</controlfield><datafield ind1=' ' ind2=' ' tag='010'><subfield code='a'>83750628/M</subfield></datafield><datafield ind1='2' ind2='2' tag='028'><subfield code='b'>Eschig</subfield><subfield code='a'>M.E. 8409</subfield></datafield><datafield ind1=' ' ind2=' ' tag='035'><subfield code='a'>(PPT)b13404210-01tuli_inst</subfield></datafield><datafield ind1=' ' ind2=' ' tag='035'><subfield code='a'>ocn471311026</subfield><subfield code='9'>ExL</subfield></datafield><datafield ind1=' ' ind2=' ' tag='035'><subfield code='a'>PATG83-C00345</subfield></datafield><datafield ind1=' ' ind2=' ' tag='035'><subfield code='a'>ocm08951424</subfield></datafield><datafield ind1=' ' ind2=' ' tag='035'><subfield code='a'>(OCLC)ocm08951424</subfield></datafield><datafield ind1=' ' ind2=' ' tag='040'><subfield code='c'>MiU</subfield></datafield><datafield ind1=' ' ind2=' ' tag='045'><subfield code='a'>x8x8</subfield></datafield><datafield ind1=' ' ind2=' ' tag='048'><subfield code='a'>sa02</subfield><subfield code='a'>sc01</subfield><subfield code='a'>ka01</subfield></datafield><datafield ind1=' ' ind2=' ' tag='079'><subfield code='a'>ocm08951424</subfield></datafield><datafield ind1=' ' ind2=' ' tag='090'><subfield code='a'>M412.4.F73</subfield><subfield code='b'>V3x</subfield></datafield><datafield ind1='1' ind2=' ' tag='100'><subfield code='a'>Françaix, Jean,</subfield><subfield code='d'>1912-1997.</subfield></datafield><datafield ind1='1' ind2='4' tag='245'><subfield code='a'>Les vacances :</subfield><subfield code='b'>pour deux violons, violoncelle et piano /</subfield><subfield code='c'>Jean Françaix.</subfield></datafield><datafield ind1=' ' ind2=' ' tag='260'><subfield code='a'>Paris :</subfield><subfield code='b'>Eschig,</subfield><subfield code='c'>c1982.</subfield></datafield><datafield ind1=' ' ind2=' ' tag='300'><subfield code='a'>1 score (14 p.) + 3 parts ;</subfield><subfield code='c'>34 cm.</subfield></datafield><datafield ind1='0' ind2=' ' tag='505'><subfield code='a'>Le départ -- Les devoirs de vacances -- L&apos;invité de marque -- La petite camarade -- La promenade en voiture -- Faites de beaux réves.</subfield></datafield><datafield ind1=' ' ind2='0' tag='650'><subfield code='a'>Quartets (Piano, violins (2), cello)</subfield><subfield code='v'>Scores and parts.</subfield></datafield><datafield ind1=' ' ind2=' ' tag='907'><subfield code='a'>.b13404210</subfield><subfield code='b'>multi</subfield><subfield code='c'>-</subfield></datafield><datafield ind1=' ' ind2=' ' tag='935'><subfield code='a'>00361134</subfield></datafield><datafield ind1=' ' ind2=' ' tag='945'><subfield code='l'>muatc</subfield><subfield code='a'>M412.F844 delete</subfield><subfield code='g'>1</subfield></datafield><datafield ind1=' ' ind2=' ' tag='945'><subfield code='l'>pstk </subfield><subfield code='g'>1</subfield></datafield><datafield ind1=' ' ind2=' ' tag='950'><subfield code='l'>P</subfield><subfield code='i'>03/12/86 C</subfield></datafield><datafield ind1=' ' ind2=' ' tag='955'><subfield code='l'>P</subfield><subfield code='q'>83-C345-1</subfield><subfield code='i'>03/12/86 C</subfield></datafield><datafield ind1=' ' ind2=' ' tag='979'><subfield code='a'>ocm08951424</subfield></datafield><datafield ind1=' ' ind2=' ' tag='998'><subfield code='b'>2</subfield><subfield code='c'>990101</subfield><subfield code='d'>m</subfield><subfield code='e'>c</subfield><subfield code='f'>-</subfield><subfield code='g'>4</subfield></datafield><datafield ind1=' ' ind2=' ' tag='998'><subfield code='a'>03/12/86</subfield><subfield code='t'>b</subfield><subfield code='s'>9114</subfield><subfield code='n'>PPT</subfield><subfield code='w'>PATG83C345</subfield><subfield code='d'>06/01/83</subfield><subfield code='c'>SM</subfield><subfield code='b'>MK</subfield><subfield code='i'>860312</subfield><subfield code='l'>PATG</subfield></datafield><datafield ind1=' ' ind2=' ' tag='ADM'><subfield code='b'>2018-06-19 03:49:34</subfield><subfield code='e'>b13404210-01tuli_inst</subfield><subfield code='d'>ILS</subfield><subfield code='a'>2017-06-20 07:20:32</subfield><subfield code='c'>false</subfield></datafield><datafield ind1='0' ind2=' ' tag='HLD'><subfield code='b'>PRESSER</subfield><subfield code='c'>presser</subfield><subfield code='h'>M412.F844 delete</subfield><subfield code='8'>22264872980003811</subfield></datafield><datafield ind1='0' ind2=' ' tag='HLD'><subfield code='b'>MAIN</subfield><subfield code='c'>stacks</subfield><subfield code='h'>M412.4.F73</subfield><subfield code='i'>V3x</subfield><subfield code='8'>22264873000003811</subfield></datafield><datafield ind1=' ' ind2=' ' tag='ITM'><subfield code='r'>22264872980003811</subfield><subfield code='b'>1</subfield><subfield code='h'>0</subfield><subfield code='g'>presser</subfield><subfield code='t'>SCORE</subfield><subfield code='e'>presser</subfield><subfield code='8'>23264872970003811</subfield><subfield code='a'>0</subfield><subfield code='q'>2017-06-20 07:20:32</subfield><subfield code='i'>M412.F844 delete</subfield><subfield code='d'>PRESSER</subfield><subfield code='f'>PRESSER</subfield></datafield><datafield ind1=' ' ind2=' ' tag='ITM'><subfield code='r'>22264873000003811</subfield><subfield code='b'>1</subfield><subfield code='h'>0</subfield><subfield code='g'>stacks</subfield><subfield code='t'>SCORE</subfield><subfield code='9'>39074006003412</subfield><subfield code='e'>stacks</subfield><subfield code='8'>23264872990003811</subfield><subfield code='a'>0</subfield><subfield code='q'>2017-06-20 07:20:32</subfield><subfield code='i'>M412.4.F73 V3x</subfield><subfield code='d'>MAIN</subfield><subfield code='f'>MAIN</subfield></datafield></record>
</collection>
